timestamp,bid_price,ask_price,trade_price,volume
2025-04-03 08:36:36.139927,83574.02,83574.03,,
2025-04-03 08:36:36.152916,83574.02,83574.03,83575.56,28.14278
2025-04-03 08:36:37.147695,83574.02,83574.02,83575.56,28.14278
2025-04-03 08:36:38.141173,83574.01,83572.01,83575.56,28.14278
2025-04-03 08:36:38.151776,83574.01,83572.01,83572.01,28.17298
2025-04-03 08:36:39.140102,83572.0,83572.01,83572.01,28.17298
2025-04-03 08:36:40.140352,83572.0,83566.25,83572.01,28.17298
2025-04-03 08:36:40.140677,83572.0,83566.25,83566.24,28.28022
2025-04-03 08:36:41.139730,83566.24,83566.25,83566.24,28.28022
2025-04-03 08:36:42.139747,83566.24,83566.25,83566.24,28.28022
2025-04-03 08:36:42.153895,83566.24,83566.25,83566.25,28.29084
2025-04-03 08:36:43.159795,83576.66,83566.25,83566.25,28.29084
2025-04-03 08:36:44.137191,83581.04,83576.67,83566.25,28.29084
2025-04-03 08:36:44.137557,83581.04,83576.67,83581.04,29.66287
2025-04-03 08:36:45.139316,83581.04,83581.05,83581.04,29.66287
2025-04-03 08:36:46.139489,83581.04,83581.05,83581.04,29.66287
2025-04-03 08:36:46.144875,83581.04,83581.05,83581.04,29.67481
2025-04-03 08:36:47.139556,83581.04,83581.05,83581.04,29.67481
2025-04-03 08:36:48.142678,83581.04,83581.05,83581.04,29.67481
2025-04-03 08:36:48.143048,83581.04,83581.05,83581.05,29.68645
2025-04-03 08:36:49.145995,83581.04,83572.26,83581.05,29.68645
2025-04-03 08:36:50.134080,83572.25,83572.26,83581.05,29.68645
2025-04-03 08:36:50.134333,83572.25,83572.26,83572.26,29.76804
2025-04-03 08:36:51.142632,83577.46,83572.26,83572.26,29.76804
2025-04-03 08:36:52.134623,83577.46,83572.26,83582.68,30.15915
2025-04-03 08:36:52.138758,83582.67,83577.47,83582.68,30.15915
2025-04-03 08:36:53.135820,83584.71,83582.68,83582.68,30.15915
2025-04-03 08:36:54.139126,83584.71,83582.68,83584.72,30.21486
2025-04-03 08:36:54.140676,83584.71,83584.72,83584.72,30.21486
2025-04-03 08:36:55.135074,83584.71,83584.72,83584.72,30.21486
2025-04-03 08:36:56.135239,83584.71,83584.72,83584.72,30.21486
2025-04-03 08:36:56.143981,83584.71,83584.72,83584.72,30.25154
2025-04-03 08:36:57.136830,83584.71,83584.72,83584.72,30.25154
2025-04-03 08:36:58.139697,83584.71,83584.72,83584.72,30.25154
2025-04-03 08:36:58.166997,83584.71,83584.72,83584.72,30.27682
2025-04-03 08:36:59.139425,83583.21,83584.72,83584.72,30.27682
2025-04-03 08:37:00.133879,83583.21,83584.72,83584.72,30.27682
2025-04-03 08:37:00.134086,83583.21,83584.72,83584.72,0.0
2025-04-03 08:37:00.139890,83584.71,83584.72,83584.72,0.0
2025-04-03 08:37:01.408381,83634.76,83584.72,83584.72,0.0
2025-04-03 08:37:02.147045,83634.76,83584.72,83641.51,0.90969
2025-04-03 08:37:02.149226,83641.5,83634.77,83641.51,0.90969
2025-04-03 08:37:03.147389,83645.79,83641.51,83641.51,0.90969
2025-04-03 08:37:04.140691,83645.79,83645.8,83641.51,0.90969
2025-04-03 08:37:04.156251,83645.79,83645.8,83645.79,1.07879
2025-04-03 08:37:05.139670,83645.79,83645.8,83645.79,1.07879
2025-04-03 08:37:06.139173,83645.79,83645.8,83645.79,1.07879
2025-04-03 08:37:06.144578,83645.79,83645.8,83645.79,1.271
2025-04-03 08:37:07.139602,83645.79,83645.8,83645.79,1.271
2025-04-03 08:37:08.133783,83645.79,83645.8,83645.79,1.27507
2025-04-03 08:37:08.135017,83645.79,83645.8,83645.79,1.27507
2025-04-03 08:37:09.136328,83645.79,83645.8,83645.79,1.27507
2025-04-03 08:37:10.139740,83645.79,83645.8,83645.79,1.27507
2025-04-03 08:37:10.145121,83645.79,83645.8,83645.79,2.27697
2025-04-03 08:37:11.140146,83645.79,83645.8,83645.79,2.27697
2025-04-03 08:37:12.134664,83645.79,83645.8,83645.79,2.27697
2025-04-03 08:37:12.134900,83645.79,83645.8,83645.8,2.28681
2025-04-03 08:37:13.143082,83645.79,83641.51,83645.8,2.28681
2025-04-03 08:37:14.144160,83648.9,83641.51,83645.8,2.28681
2025-04-03 08:37:14.144481,83648.9,83641.51,83648.91,3.33389
2025-04-03 08:37:15.149537,83648.9,83648.91,83648.91,3.33389
2025-04-03 08:37:16.138026,83648.9,83648.91,83642.72,3.52938
2025-04-03 08:37:16.142481,83648.9,83642.72,83642.72,3.52938
2025-04-03 08:37:17.146924,83647.2,83642.72,83642.72,3.52938
2025-04-03 08:37:18.134158,83647.2,83647.21,83642.72,3.52938
2025-04-03 08:37:18.134418,83647.2,83647.21,83647.21,3.55746
2025-04-03 08:37:19.138514,83647.2,83645.09,83647.21,3.55746
2025-04-03 08:37:20.134310,83645.08,83645.09,83647.21,3.55746
2025-04-03 08:37:20.134656,83645.08,83645.09,83645.08,3.58681
2025-04-03 08:37:21.134333,83645.08,83645.09,83645.08,3.58681
2025-04-03 08:37:22.132162,83645.08,83645.09,83645.09,3.5891
2025-04-03 08:37:22.134356,83645.08,83645.09,83645.09,3.5891
2025-04-03 08:37:23.132565,83645.08,83645.09,83645.09,3.5891
2025-04-03 08:37:24.142679,83645.08,83645.09,83645.09,3.5891
2025-04-03 08:37:24.164528,83645.08,83645.09,83645.08,3.60529
2025-04-03 08:37:25.137800,83645.08,83645.09,83645.08,3.60529
2025-04-03 08:37:26.137227,83645.08,83645.09,83645.08,3.60529
2025-04-03 08:37:26.137479,83645.08,83645.09,83645.09,3.62998
2025-04-03 08:37:27.137667,83645.08,83645.09,83645.09,3.62998
2025-04-03 08:37:28.133011,83645.08,83645.09,83645.09,3.62998
2025-04-03 08:37:28.133254,83645.08,83645.09,83645.09,3.67097
2025-04-03 08:37:29.138120,83645.08,83645.09,83645.09,3.67097
2025-04-03 08:37:30.138263,83645.08,83645.09,83645.09,3.67097
2025-04-03 08:37:30.154362,83645.08,83645.09,83645.09,3.6736
2025-04-03 08:37:31.138624,83645.08,83645.09,83645.09,3.6736
2025-04-03 08:37:32.134534,83645.08,83645.09,83645.09,3.6736
2025-04-03 08:37:32.145089,83645.08,83645.09,83645.09,3.71583
2025-04-03 08:37:33.136043,83645.08,83645.09,83645.09,3.71583
2025-04-03 08:37:34.131790,83645.08,83645.09,83645.09,3.71583
2025-04-03 08:37:34.148596,83645.08,83645.09,83645.08,3.71623
2025-04-03 08:37:35.137850,83645.08,83645.09,83645.08,3.71623
2025-04-03 08:37:36.134163,83645.08,83645.09,83645.08,3.71623
2025-04-03 08:37:36.156077,83645.08,83645.09,83645.09,3.73349
2025-04-03 08:37:37.137852,83645.08,83645.09,83645.09,3.73349
2025-04-03 08:37:38.138318,83645.08,83645.09,83645.09,3.73349
2025-04-03 08:37:38.162428,83645.08,83645.09,83645.09,3.78912
2025-04-03 08:37:39.138850,83645.08,83645.09,83645.09,3.78912
2025-04-03 08:37:40.138483,83645.08,83645.09,83645.09,3.78912
2025-04-03 08:37:40.154643,83645.08,83645.09,83645.08,3.83578
2025-04-03 08:37:41.138224,83645.08,83645.09,83645.08,3.83578
2025-04-03 08:37:42.138210,83645.08,83645.09,83645.08,3.83578
2025-04-03 08:37:42.158391,83645.08,83645.09,83645.09,3.86005
2025-04-03 08:37:43.146034,83645.08,83639.97,83645.09,3.86005
2025-04-03 08:37:44.132306,83645.08,83639.97,83639.97,9.49634
2025-04-03 08:37:44.135445,83639.96,83639.97,83639.97,9.49634
2025-04-03 08:37:45.133555,83639.96,83639.97,83639.97,9.49634
2025-04-03 08:37:46.134133,83639.96,83639.97,83639.97,9.49634
2025-04-03 08:37:46.134562,83639.96,83639.97,83639.96,9.55407
2025-04-03 08:37:47.137792,83639.96,83639.97,83639.96,9.55407
2025-04-03 08:37:48.137576,83639.96,83639.97,83639.96,9.55407
2025-04-03 08:37:48.148038,83639.96,83639.97,83639.97,9.56184
2025-04-03 08:37:49.179733,83664.92,83639.97,83639.97,9.56184
2025-04-03 08:37:50.155540,83664.92,83664.41,83639.97,9.56184
2025-04-03 08:37:50.160868,83664.92,83664.41,83664.41,32.0963
2025-04-03 08:37:51.145751,83664.4,83656.43,83664.41,32.0963
2025-04-03 08:37:52.138409,83656.42,83656.43,83664.41,32.0963
2025-04-03 08:37:52.138747,83656.42,83656.43,83656.43,32.30605
2025-04-03 08:37:53.138769,83656.42,83656.43,83656.43,32.30605
2025-04-03 08:37:54.134207,83656.42,83656.43,83656.43,32.30605
2025-04-03 08:37:54.152893,83656.42,83656.43,83656.43,32.33183
2025-04-03 08:37:55.138381,83656.42,83655.44,83656.43,32.33183
2025-04-03 08:37:56.132108,83656.42,83655.44,83655.43,33.35288
2025-04-03 08:37:56.133139,83655.43,83655.44,83655.43,33.35288
2025-04-03 08:37:57.137917,83655.43,83650.93,83655.43,33.35288
2025-04-03 08:37:58.134156,83650.92,83650.93,83655.43,33.35288
2025-04-03 08:37:58.141025,83650.92,83650.93,83650.93,33.4025
2025-04-03 08:37:59.140183,83650.92,83649.85,83650.93,33.4025
2025-04-03 08:38:00.139108,83649.84,83649.85,83650.93,33.4025
2025-04-03 08:38:00.161321,83649.84,83649.85,83649.84,33.47649
2025-04-03 08:38:00.161492,83649.84,83649.85,83649.84,0.0
2025-04-03 08:38:01.139140,83649.84,83649.85,83649.84,0.0
2025-04-03 08:38:02.148186,83649.84,83649.85,83649.84,0.0
2025-04-03 08:38:02.158687,83649.84,83649.85,83649.85,0.02612
2025-04-03 08:38:03.139657,83649.84,83649.85,83649.85,0.02612
2025-04-03 08:38:04.134537,83649.84,83649.85,83649.85,0.02612
2025-04-03 08:38:04.134735,83649.84,83649.85,83649.85,0.07586
2025-04-03 08:38:05.138734,83649.84,83649.85,83649.85,0.07586
2025-04-03 08:38:06.138708,83649.84,83649.85,83649.85,0.07586
2025-04-03 08:38:06.138968,83649.84,83649.85,83649.85,0.14523
2025-04-03 08:38:07.143474,83649.84,83649.85,83649.85,0.14523
2025-04-03 08:38:08.131854,83649.84,83649.85,83649.85,0.19107
2025-04-03 08:38:08.132625,83642.93,83649.85,83649.85,0.19107
2025-04-03 08:38:09.134320,83656.74,83649.85,83649.85,0.19107
2025-04-03 08:38:10.135211,83656.74,83656.75,83649.85,0.19107
2025-04-03 08:38:10.135545,83656.74,83656.75,83656.74,0.42077
2025-04-03 08:38:11.138857,83656.74,83656.75,83656.74,0.42077
2025-04-03 08:38:12.134183,83659.2,83656.75,83656.74,0.42077
2025-04-03 08:38:12.134439,83659.2,83656.75,83659.21,0.46825
2025-04-03 08:38:13.137559,83659.2,83659.21,83659.21,0.46825
2025-04-03 08:38:14.137375,83659.2,83659.21,83659.21,0.46825
2025-04-03 08:38:14.152909,83659.2,83659.21,83659.21,0.47825
2025-04-03 08:38:15.164065,83659.2,83652.19,83659.21,0.47825
2025-04-03 08:38:16.137946,83659.2,83652.19,83664.92,1.61024
2025-04-03 08:38:16.144493,83664.92,83652.2,83664.92,1.61024
2025-04-03 08:38:17.138957,83664.92,83664.93,83664.92,1.61024
2025-04-03 08:38:18.131889,83664.92,83664.93,83664.93,1.67314
2025-04-03 08:38:18.133671,83664.92,83664.93,83664.93,1.67314
2025-04-03 08:38:19.150454,83664.92,83664.93,83664.93,1.67314
2025-04-03 08:38:20.132160,83664.92,83664.93,83664.92,1.68364
2025-04-03 08:38:20.134782,83664.92,83664.93,83664.92,1.68364
2025-04-03 08:38:21.136042,83664.92,83664.93,83664.92,1.68364
2025-04-03 08:38:22.132056,83664.92,83664.93,83664.92,1.68364
2025-04-03 08:38:22.143414,83664.92,83664.93,83664.92,1.70451
2025-04-03 08:38:23.140049,83664.92,83656.07,83664.92,1.70451
2025-04-03 08:38:24.138582,83656.06,83656.07,83664.92,1.70451
2025-04-03 08:38:24.144015,83656.06,83656.07,83656.06,1.92677
2025-04-03 08:38:25.138499,83656.06,83656.07,83656.06,1.92677
2025-04-03 08:38:26.138219,83656.06,83656.07,83656.06,1.92677
2025-04-03 08:38:26.138484,83656.06,83656.07,83656.07,1.93711
2025-04-03 08:38:27.143860,83656.06,83656.07,83656.07,1.93711
2025-04-03 08:38:28.137880,83656.06,83656.07,83656.07,1.93711
2025-04-03 08:38:28.138120,83656.06,83656.07,83656.07,1.94218
2025-04-03 08:38:29.149865,83656.06,83653.11,83656.07,1.94218
2025-04-03 08:38:30.132176,83656.06,83653.11,83653.1,2.52924
2025-04-03 08:38:30.138903,83653.1,83653.11,83653.1,2.52924
2025-04-03 08:38:31.142547,83653.1,83653.11,83653.1,2.52924
2025-04-03 08:38:32.138495,83653.1,83653.11,83653.1,2.52924
2025-04-03 08:38:32.138767,83653.1,83653.11,83653.11,2.53948
2025-04-03 08:38:33.139988,83653.1,83648.38,83653.11,2.53948
2025-04-03 08:38:34.132139,83653.1,83648.38,83648.38,2.72173
2025-04-03 08:38:34.134734,83648.37,83648.38,83648.38,2.72173
2025-04-03 08:38:35.138174,83648.37,83648.38,83648.38,2.72173
2025-04-03 08:38:36.138312,83648.37,83648.02,83648.38,2.72173
2025-04-03 08:38:36.151170,83648.37,83648.02,83648.02,3.74964
2025-04-03 08:38:37.133081,83648.01,83648.02,83648.02,3.74964
2025-04-03 08:38:38.143129,83648.01,83648.02,83648.02,3.74964
2025-04-03 08:38:38.170747,83648.01,83648.02,83648.01,3.7639
2025-04-03 08:38:39.137836,83648.01,83648.02,83648.01,3.7639
2025-04-03 08:38:40.137374,83648.01,83648.02,83648.01,3.79215
2025-04-03 08:38:40.138647,83648.01,83648.02,83648.01,3.79215
2025-04-03 08:38:41.138647,83648.01,83648.02,83648.01,3.79215
2025-04-03 08:38:42.132471,83648.01,83648.02,83648.02,3.80232
2025-04-03 08:38:42.134559,83648.01,83648.02,83648.02,3.80232
2025-04-03 08:38:43.144516,83649.99,83648.02,83648.02,3.80232
2025-04-03 08:38:44.137932,83649.99,83650.0,83648.02,3.80232
2025-04-03 08:38:44.153275,83649.99,83650.0,83650.0,4.09962
2025-04-03 08:38:45.146672,83649.99,83648.71,83650.0,4.09962
2025-04-03 08:38:46.132158,83649.99,83648.71,83648.7,4.24412
2025-04-03 08:38:46.133548,83648.7,83648.71,83648.7,4.24412
2025-04-03 08:38:47.132720,83648.7,83648.71,83648.7,4.24412
2025-04-03 08:38:48.137439,83648.7,83648.71,83648.7,4.24412
2025-04-03 08:38:48.137788,83648.7,83648.71,83648.71,4.33981
2025-04-03 08:38:49.137939,83648.7,83648.71,83648.71,4.33981
2025-04-03 08:38:50.131422,83648.7,83648.71,83648.71,4.36185
2025-04-03 08:38:50.132493,83648.7,83648.71,83648.71,4.36185
2025-04-03 08:38:51.147757,83648.7,83648.71,83648.71,4.36185
2025-04-03 08:38:52.136669,83648.7,83648.71,83648.71,4.36185
2025-04-03 08:38:52.142033,83648.7,83648.71,83648.71,4.37504
2025-04-03 08:38:53.143046,83648.7,83648.71,83648.71,4.37504
2025-04-03 08:38:54.138039,83648.7,83648.71,83648.71,4.37504
2025-04-03 08:38:54.149977,83648.7,83648.71,83648.7,4.37744
2025-04-03 08:38:55.132846,83648.7,83648.71,83648.7,4.37744
2025-04-03 08:38:56.138541,83648.7,83648.71,83648.7,4.37744
2025-04-03 08:38:56.160762,83648.7,83648.71,83648.7,4.39078
2025-04-03 08:38:57.142786,83648.7,83648.71,83648.7,4.39078
2025-04-03 08:38:58.132188,83648.7,83648.71,83648.71,4.40685
2025-04-03 08:38:58.133525,83648.7,83648.71,83648.71,4.40685
2025-04-03 08:38:59.195732,83700.0,83648.71,83648.71,4.40685
2025-04-03 08:39:00.137959,83700.0,83648.71,83686.41,65.67203
2025-04-03 08:39:00.138152,83700.0,83648.71,83686.41,0.0
2025-04-03 08:39:00.156864,83686.41,83681.15,83686.41,0.0
2025-04-03 08:39:01.139219,83686.41,83686.42,83686.41,0.0
2025-04-03 08:39:02.132262,83686.41,83686.42,83686.42,0.01928
2025-04-03 08:39:02.133878,83686.41,83686.42,83686.42,0.01928
2025-04-03 08:39:03.139097,83686.41,83686.42,83686.42,0.01928
2025-04-03 08:39:04.132906,83686.41,83686.42,83686.42,0.01928
2025-04-03 08:39:04.161311,83686.41,83686.42,83686.42,0.04709
2025-04-03 08:39:05.137721,83686.41,83686.42,83686.42,0.04709
2025-04-03 08:39:06.132482,83686.41,83686.42,83686.42,0.04709
2025-04-03 08:39:06.132729,83686.41,83686.42,83686.42,0.09265
2025-04-03 08:39:07.137959,83686.41,83686.42,83686.42,0.09265
2025-04-03 08:39:08.138562,83686.41,83686.42,83686.42,0.09265
2025-04-03 08:39:08.138815,83686.41,83686.42,83686.42,0.10684
2025-04-03 08:39:09.138296,83686.41,83686.42,83686.42,0.10684
2025-04-03 08:39:10.131965,83686.41,83686.42,83686.42,0.13306
2025-04-03 08:39:10.133979,83686.41,83686.42,83686.42,0.13306
2025-04-03 08:39:11.133173,83686.41,83686.42,83686.42,0.13306
2025-04-03 08:39:12.132587,83686.41,83686.42,83700.01,6.37041
2025-04-03 08:39:12.156963,83700.0,83686.42,83700.01,6.37041
2025-04-03 08:39:13.138061,83700.0,83700.01,83700.01,6.37041
2025-04-03 08:39:14.132368,83700.0,83700.01,83702.09,6.4998
2025-04-03 08:39:14.134602,83702.09,83700.01,83702.09,6.4998
2025-04-03 08:39:15.139960,83704.53,83702.1,83702.09,6.4998
2025-04-03 08:39:16.133656,83704.53,83704.54,83702.09,6.4998
2025-04-03 08:39:16.133883,83704.53,83704.54,83704.54,6.61458
2025-04-03 08:39:17.137896,83704.53,83704.54,83704.54,6.61458
2025-04-03 08:39:18.132334,83704.53,83704.54,83704.54,6.63388
2025-04-03 08:39:18.133460,83704.53,83704.54,83704.54,6.63388
2025-04-03 08:39:19.143537,83704.53,83704.54,83704.54,6.63388
2025-04-03 08:39:20.133693,83704.53,83704.54,83704.54,6.63388
2025-04-03 08:39:20.133956,83704.53,83704.54,83704.53,6.66044
2025-04-03 08:39:21.137968,83704.53,83704.54,83704.53,6.66044
2025-04-03 08:39:22.134142,83704.53,83704.54,83704.53,6.66044
2025-04-03 08:39:22.134445,83704.53,83704.54,83704.54,6.67286
2025-04-03 08:39:23.133927,83704.53,83704.54,83704.54,6.67286
2025-04-03 08:39:24.138287,83704.53,83704.54,83704.54,6.67286
2025-04-03 08:39:24.138578,83704.53,83704.54,83704.54,6.75159
2025-04-03 08:39:25.139001,83704.53,83704.54,83704.54,6.75159
2025-04-03 08:39:26.137323,83704.53,83704.54,83704.53,6.75256
2025-04-03 08:39:26.138647,83704.53,83704.54,83704.53,6.75256
2025-04-03 08:39:27.167349,83722.93,83704.54,83704.53,6.75256
2025-04-03 08:39:28.132766,83722.93,83704.54,83727.4,8.62085
2025-04-03 08:39:28.143574,83727.39,83722.94,83727.4,8.62085
2025-04-03 08:39:29.149637,83727.47,83727.4,83727.4,8.62085
2025-04-03 08:39:30.138985,83727.47,83727.48,83727.4,8.62085
2025-04-03 08:39:30.144356,83727.47,83727.48,83727.47,8.84424
2025-04-03 08:39:31.138557,83727.47,83727.48,83727.47,8.84424
2025-04-03 08:39:32.138142,83727.47,83727.48,83727.47,8.84424
2025-04-03 08:39:32.138385,83727.47,83727.48,83727.48,8.98393
2025-04-03 08:39:33.138530,83727.47,83727.48,83727.48,8.98393
2025-04-03 08:39:34.142932,83727.47,83727.48,83727.48,8.98393
2025-04-03 08:39:34.169411,83727.47,83727.48,83727.48,9.00402
2025-04-03 08:39:35.134812,83727.47,83727.48,83727.48,9.00402
2025-04-03 08:39:36.133517,83727.47,83727.48,83727.48,9.00402
2025-04-03 08:39:36.133864,83727.47,83727.48,83727.48,9.02619
2025-04-03 08:39:37.138336,83727.47,83727.48,83727.48,9.02619
2025-04-03 08:39:38.131466,83727.47,83727.48,83727.48,9.03336
2025-04-03 08:39:38.132453,83727.47,83727.48,83727.48,9.03336
2025-04-03 08:39:39.138088,83727.47,83727.48,83727.48,9.03336
2025-04-03 08:39:40.137326,83727.47,83727.48,83727.48,9.03336
2025-04-03 08:39:40.137541,83727.47,83727.48,83727.47,9.152
2025-04-03 08:39:41.144530,83727.47,83727.48,83727.47,9.152
2025-04-03 08:39:42.137980,83727.47,83727.48,83727.47,9.152
2025-04-03 08:39:42.186869,83727.47,83727.48,83727.48,9.21354
2025-04-03 08:39:43.138004,83727.47,83727.48,83727.48,9.21354
2025-04-03 08:39:44.140655,83727.47,83727.48,83727.48,9.21354
2025-04-03 08:39:44.146095,83727.47,83727.48,83727.47,9.34685
2025-04-03 08:39:45.140570,83727.47,83725.02,83727.47,9.34685
2025-04-03 08:39:46.144468,83725.01,83725.02,83727.47,9.34685
2025-04-03 08:39:46.158420,83725.01,83725.02,83725.02,10.61859
2025-04-03 08:39:47.135664,83725.01,83725.02,83725.02,10.61859
2025-04-03 08:39:48.132213,83725.01,83725.02,83725.02,11.62092
2025-04-03 08:39:48.136772,83725.01,83725.02,83725.02,11.62092
2025-04-03 08:39:49.138905,83725.01,83725.02,83725.02,11.62092
2025-04-03 08:39:50.133017,83725.01,83725.01,83725.02,11.62092
2025-04-03 08:39:50.138343,83725.01,83725.01,83725.01,11.66868
2025-04-03 08:39:51.138737,83725.0,83724.85,83725.01,11.66868
2025-04-03 08:39:52.136660,83725.0,83724.85,83724.01,11.87492
2025-04-03 08:39:52.143091,83724.84,83724.01,83724.01,11.87492
2025-04-03 08:39:53.137893,83724.0,83724.01,83724.01,11.87492
2025-04-03 08:39:54.138161,83724.0,83724.01,83724.01,11.87492
2025-04-03 08:39:54.157034,83724.0,83724.01,83724.01,12.87845
2025-04-03 08:39:55.137795,83724.0,83724.01,83724.01,12.87845
2025-04-03 08:39:56.132070,83724.0,83724.01,83724.0,13.00109
2025-04-03 08:39:56.133473,83724.0,83724.01,83724.0,13.00109
2025-04-03 08:39:57.142518,83724.0,83719.29,83724.0,13.00109
2025-04-03 08:39:58.139888,83719.28,83719.29,83724.0,13.00109
2025-04-03 08:39:58.150463,83719.28,83719.29,83719.29,13.14374
2025-04-03 08:39:59.133135,83719.28,83719.29,83719.29,13.14374
2025-04-03 08:40:00.134727,83719.28,83719.29,83719.29,13.14374
2025-04-03 08:40:00.141812,83719.28,83719.29,83719.29,13.15374
2025-04-03 08:40:00.142015,83719.28,83719.29,83719.29,0.0
2025-04-03 08:40:01.133742,83719.28,83719.29,83719.29,0.0
2025-04-03 08:40:02.138508,83719.28,83719.29,83719.29,0.0
2025-04-03 08:40:02.143992,83719.28,83719.29,83719.29,0.07544
2025-04-03 08:40:03.135479,83719.28,83719.29,83719.29,0.07544
2025-04-03 08:40:04.138962,83719.28,83719.29,83719.29,0.07544
2025-04-03 08:40:04.139244,83719.28,83719.29,83719.29,0.09658
2025-04-03 08:40:05.138153,83719.28,83719.29,83719.29,0.09658
2025-04-03 08:40:06.138391,83719.28,83719.29,83719.29,0.09658
2025-04-03 08:40:06.144193,83719.28,83719.29,83719.28,0.10996
2025-04-03 08:40:07.142964,83719.28,83719.29,83719.28,0.10996
2025-04-03 08:40:08.135895,83722.02,83719.29,83719.28,0.10996
2025-04-03 08:40:08.136122,83722.02,83719.29,83722.02,0.21943
2025-04-03 08:40:09.138734,83722.02,83722.03,83722.02,0.21943
2025-04-03 08:40:10.138370,83722.02,83722.03,83722.02,0.21943
2025-04-03 08:40:10.143763,83722.02,83722.03,83722.02,0.33767
2025-04-03 08:40:11.138626,83722.02,83722.03,83722.02,0.33767
2025-04-03 08:40:12.137902,83722.02,83722.03,83722.02,0.33767
2025-04-03 08:40:12.143448,83722.02,83722.03,83722.02,0.46294
2025-04-03 08:40:13.140537,83722.02,83722.03,83722.02,0.46294
2025-04-03 08:40:14.138370,83722.02,83722.03,83722.02,0.46294
2025-04-03 08:40:14.143802,83722.02,83722.03,83722.03,0.46476
2025-04-03 08:40:15.137719,83722.02,83722.03,83722.03,0.46476
2025-04-03 08:40:16.132951,83722.02,83722.03,83722.03,0.46476
2025-04-03 08:40:16.133193,83722.02,83722.03,83722.03,0.47925
2025-04-03 08:40:17.137919,83722.02,83722.03,83722.03,0.47925
2025-04-03 08:40:18.142017,83722.02,83722.03,83722.02,0.51955
2025-04-03 08:40:18.143247,83722.02,83722.03,83722.02,0.51955
2025-04-03 08:40:19.143049,83722.02,83722.03,83722.02,0.51955
2025-04-03 08:40:20.132228,83722.02,83722.03,83727.47,0.76293
2025-04-03 08:40:20.156789,83727.47,83722.03,83727.47,0.76293
2025-04-03 08:40:21.138467,83727.47,83727.48,83727.47,0.76293
2025-04-03 08:40:22.138475,83727.47,83727.48,83727.47,0.76293
2025-04-03 08:40:22.160118,83727.47,83727.48,83727.48,0.77881
2025-04-03 08:40:23.137957,83727.47,83727.48,83727.48,0.77881
2025-04-03 08:40:24.133586,83727.47,83727.48,83727.48,0.77881
2025-04-03 08:40:24.144059,83727.47,83727.48,83727.48,0.79752
2025-04-03 08:40:25.133998,83727.47,83727.48,83727.48,0.79752
2025-04-03 08:40:26.137886,83727.47,83727.48,83727.48,0.79752
2025-04-03 08:40:26.143263,83727.47,83727.48,83727.47,0.83781
2025-04-03 08:40:27.137812,83727.47,83727.48,83727.47,0.83781
2025-04-03 08:40:28.137213,83727.47,83727.48,83727.48,0.88316
2025-04-03 08:40:28.138291,83727.47,83727.48,83727.48,0.88316
2025-04-03 08:40:29.137843,83727.47,83727.48,83727.48,0.88316
2025-04-03 08:40:30.132763,83727.47,83727.48,83727.48,0.88316
2025-04-03 08:40:30.132998,83727.47,83727.48,83727.47,0.8883
2025-04-03 08:40:31.146281,83727.47,83727.48,83727.47,0.8883
2025-04-03 08:40:32.134409,83727.47,83727.48,83727.47,0.8883
2025-04-03 08:40:32.144926,83727.47,83727.48,83727.47,3.94731
2025-04-03 08:40:33.140555,83727.47,83727.48,83727.47,3.94731
2025-04-03 08:40:34.136003,83727.47,83727.48,83727.47,4.04445
2025-04-03 08:40:34.138288,83727.47,83727.48,83727.47,4.04445
2025-04-03 08:40:35.143479,83727.47,83727.48,83727.47,4.04445
2025-04-03 08:40:36.135256,83727.47,83727.48,83727.47,4.04445
2025-04-03 08:40:36.135644,83727.47,83727.48,83727.47,4.06981
2025-04-03 08:40:37.133789,83727.47,83727.48,83727.47,4.06981
2025-04-03 08:40:38.132333,83727.47,83727.48,83727.48,4.07403
2025-04-03 08:40:38.134264,83727.47,83727.48,83727.48,4.07403
2025-04-03 08:40:39.138917,83727.47,83727.48,83727.48,4.07403
2025-04-03 08:40:40.137478,83727.47,83727.48,83727.48,4.07896
2025-04-03 08:40:40.139067,83727.47,83727.48,83727.48,4.07896
2025-04-03 08:40:41.137894,83727.47,83727.48,83727.48,4.07896
2025-04-03 08:40:42.137885,83727.47,83727.48,83727.48,4.07896
2025-04-03 08:40:42.138158,83727.47,83727.48,83727.48,5.03691
2025-04-03 08:40:43.138070,83727.47,83727.48,83727.48,5.03691
2025-04-03 08:40:44.132317,83727.47,83727.48,83727.47,5.04849
2025-04-03 08:40:44.133402,83727.47,83727.48,83727.47,5.04849
2025-04-03 08:40:45.149077,83727.47,83727.48,83727.47,5.04849
2025-04-03 08:40:46.132369,83727.47,83727.48,83720.0,5.91503
2025-04-03 08:40:46.136157,83727.47,83719.87,83720.0,5.91503
2025-04-03 08:40:47.138602,83719.86,83719.87,83720.0,5.91503
2025-04-03 08:40:48.137247,83719.86,83719.87,83719.87,5.91881
2025-04-03 08:40:48.138662,83719.86,83719.87,83719.87,5.91881
2025-04-03 08:40:49.133442,83719.86,83719.87,83719.87,5.91881
2025-04-03 08:40:50.134140,83719.86,83719.87,83719.87,5.91881
2025-04-03 08:40:50.134523,83719.86,83719.87,83719.86,5.93066
2025-04-03 08:40:51.138191,83719.86,83719.87,83719.86,5.93066
2025-04-03 08:40:52.136791,83719.86,83719.87,83718.44,5.98828
2025-04-03 08:40:52.138540,83719.86,83718.44,83718.44,5.98828
2025-04-03 08:40:53.143829,83718.43,83716.57,83718.44,5.98828
2025-04-03 08:40:54.137207,83718.43,83716.57,83716.56,6.03288
2025-04-03 08:40:54.138084,83716.56,83716.57,83716.56,6.03288
2025-04-03 08:40:55.154822,83716.56,83708.7,83716.56,6.03288
2025-04-03 08:40:56.143437,83708.69,83708.7,83716.56,6.03288
2025-04-03 08:40:56.143725,83708.69,83708.7,83708.69,6.94135
2025-04-03 08:40:57.138024,83708.69,83708.7,83708.69,6.94135
2025-04-03 08:40:58.140447,83708.69,83707.69,83708.69,6.94135
2025-04-03 08:40:58.145887,83708.69,83707.69,83707.68,7.04489
2025-04-03 08:40:59.138625,83707.68,83707.69,83707.68,7.04489
2025-04-03 08:41:00.131953,83707.68,83707.69,83707.68,7.11932
2025-04-03 08:41:00.132164,83707.68,83707.69,83707.68,0.0
2025-04-03 08:41:00.133524,83707.68,83707.69,83707.68,0.0
2025-04-03 08:41:01.147180,83707.68,83700.46,83707.68,0.0
2025-04-03 08:41:02.137703,83700.45,83700.46,83707.68,0.0
2025-04-03 08:41:02.143536,83700.45,83700.46,83700.46,0.61387
2025-04-03 08:41:03.133851,83700.45,83700.46,83700.46,0.61387
2025-04-03 08:41:04.143730,83700.45,83700.44,83700.46,0.61387
2025-04-03 08:41:04.144119,83700.45,83700.44,83700.43,0.65708
2025-04-03 08:41:05.138130,83700.43,83700.39,83700.43,0.65708
2025-04-03 08:41:06.136642,83700.43,83700.39,83700.36,0.74699
2025-04-03 08:41:06.142734,83700.38,83700.35,83700.36,0.74699
2025-04-03 08:41:07.148837,83700.34,83699.97,83700.36,0.74699
2025-04-03 08:41:08.138677,83699.96,83698.01,83700.36,0.74699
2025-04-03 08:41:08.149243,83699.96,83698.01,83698.0,0.80478
2025-04-03 08:41:09.138940,83698.0,83697.88,83698.0,0.80478
2025-04-03 08:41:10.138124,83697.87,83697.88,83698.0,0.80478
2025-04-03 08:41:10.158984,83697.87,83697.88,83697.88,0.83222
2025-04-03 08:41:11.137418,83697.87,83697.88,83697.88,0.83222
2025-04-03 08:41:12.137974,83697.87,83697.88,83697.88,0.83222
2025-04-03 08:41:12.138248,83697.87,83697.88,83697.87,0.86264
2025-04-03 08:41:13.133145,83697.87,83697.88,83697.87,0.86264
2025-04-03 08:41:14.138374,83697.87,83697.88,83691.17,1.65648
2025-04-03 08:41:14.160800,83697.87,83691.18,83691.17,1.65648
2025-04-03 08:41:15.141524,83691.17,83681.82,83691.17,1.65648
2025-04-03 08:41:16.138325,83681.81,83681.82,83691.17,1.65648
2025-04-03 08:41:16.154434,83681.81,83681.82,83681.81,3.07686
2025-04-03 08:41:17.138799,83681.81,83681.82,83681.81,3.07686
2025-04-03 08:41:18.136892,83681.81,83681.82,83681.81,3.10533
2025-04-03 08:41:18.137782,83681.81,83681.82,83681.81,3.10533
2025-04-03 08:41:19.138359,83681.81,83681.82,83681.81,3.10533
2025-04-03 08:41:20.137519,83681.81,83681.82,83681.81,3.10533
2025-04-03 08:41:20.142957,83681.81,83681.82,83681.81,3.21957
2025-04-03 08:41:21.139125,83681.81,83681.82,83681.81,3.21957
2025-04-03 08:41:22.138866,83681.81,83681.67,83681.81,3.21957
2025-04-03 08:41:22.139160,83681.81,83681.67,83681.66,3.24553
2025-04-03 08:41:23.140052,83681.66,83681.67,83681.66,3.24553
2025-04-03 08:41:24.133236,83681.66,83681.67,83681.66,3.24553
2025-04-03 08:41:24.133503,83681.66,83681.67,83681.67,3.32401
2025-04-03 08:41:25.168424,83681.66,83672.05,83681.67,3.32401
2025-04-03 08:41:26.141913,83672.04,83668.01,83681.67,3.32401
2025-04-03 08:41:26.142304,83672.04,83668.01,83668.0,3.92842
2025-04-03 08:41:27.140657,83668.0,83665.61,83668.0,3.92842
2025-04-03 08:41:28.131817,83668.0,83665.61,83665.6,4.07815
2025-04-03 08:41:28.132887,83665.6,83665.61,83665.6,4.07815
2025-04-03 08:41:29.138211,83665.6,83665.61,83665.6,4.07815
2025-04-03 08:41:30.139242,83665.6,83665.61,83665.6,4.07815
2025-04-03 08:41:30.144683,83665.6,83665.61,83665.6,4.12414
2025-04-03 08:41:31.138186,83665.6,83665.61,83665.6,4.12414
2025-04-03 08:41:32.142043,83665.6,83665.61,83665.6,4.12414
2025-04-03 08:41:32.142340,83665.6,83665.61,83665.61,4.15444
2025-04-03 08:41:33.138154,83665.6,83665.61,83665.61,4.15444
2025-04-03 08:41:34.138117,83665.6,83665.61,83665.61,4.15444
2025-04-03 08:41:34.138353,83665.6,83665.61,83665.6,4.16813
2025-04-03 08:41:35.138095,83665.6,83665.61,83665.6,4.16813
2025-04-03 08:41:36.134394,83665.6,83665.61,83665.6,4.16813
2025-04-03 08:41:36.134747,83665.6,83665.61,83665.61,4.18628
2025-04-03 08:41:37.137151,83665.6,83665.61,83665.61,4.18628
2025-04-03 08:41:38.131512,83665.6,83665.61,83665.61,4.26072
2025-04-03 08:41:38.132666,83665.6,83665.61,83665.61,4.26072
2025-04-03 08:41:39.138554,83665.6,83665.61,83665.61,4.26072
2025-04-03 08:41:40.137629,83661.12,83665.61,83665.61,4.26072
2025-04-03 08:41:40.153247,83661.12,83665.61,83665.61,4.36096
2025-04-03 08:41:41.137794,83665.6,83665.61,83665.61,4.36096
2025-04-03 08:41:42.132096,83665.6,83665.61,83665.61,4.36096
2025-04-03 08:41:42.132327,83665.6,83665.61,83665.61,4.36204
2025-04-03 08:41:43.137674,83665.6,83665.61,83665.61,4.36204
2025-04-03 08:41:44.132188,83665.6,83665.61,83665.61,4.36204
2025-04-03 08:41:44.132451,83665.6,83665.61,83665.61,4.37293
2025-04-03 08:41:45.137833,83665.6,83665.61,83665.61,4.37293
2025-04-03 08:41:46.132381,83665.6,83665.61,83665.61,4.37293
2025-04-03 08:41:46.132674,83665.6,83665.61,83665.6,4.41741
2025-04-03 08:41:47.139706,83665.6,83665.61,83665.6,4.41741
2025-04-03 08:41:48.137311,83665.6,83665.61,83665.6,4.41937
2025-04-03 08:41:48.138972,83665.6,83665.61,83665.6,4.41937
2025-04-03 08:41:49.138070,83665.6,83665.61,83665.6,4.41937
2025-04-03 08:41:50.133340,83665.6,83665.61,83665.6,4.41937
2025-04-03 08:41:50.133946,83665.6,83665.61,83665.61,4.43349
2025-04-03 08:41:51.132761,83665.6,83665.61,83665.61,4.43349
2025-04-03 08:41:52.137121,83665.6,83665.61,83665.61,4.43349
2025-04-03 08:41:52.149565,83665.6,83665.61,83665.61,5.17899
2025-04-03 08:41:53.138595,83665.6,83665.61,83665.61,5.17899
2025-04-03 08:41:54.137720,83665.6,83665.61,83665.61,5.17899
2025-04-03 08:41:54.159368,83665.6,83665.61,83665.61,5.18942
2025-04-03 08:41:55.137970,83665.6,83665.61,83665.61,5.18942
2025-04-03 08:41:56.137441,83665.6,83665.61,83665.61,5.18942
2025-04-03 08:41:56.163066,83665.6,83665.61,83665.6,5.21067
2025-04-03 08:41:57.138145,83665.6,83665.61,83665.6,5.21067
2025-04-03 08:41:58.137828,83665.6,83665.61,83665.6,5.21067
2025-04-03 08:41:58.148493,83665.6,83665.61,83665.61,5.23233
2025-04-03 08:41:59.137564,83665.6,83665.61,83665.61,5.23233
2025-04-03 08:42:00.137578,83665.6,83665.61,83665.61,5.23233
2025-04-03 08:42:00.161137,83665.6,83665.61,83665.61,5.24257
2025-04-03 08:42:00.166411,83665.6,83665.61,83665.61,0.0
2025-04-03 08:42:01.162403,83681.47,83665.61,83665.61,0.0
2025-04-03 08:42:02.132461,83681.47,83665.61,83688.68,1.7865
2025-04-03 08:42:02.137311,83688.67,83681.48,83688.68,1.7865
2025-04-03 08:42:03.134515,83688.67,83688.68,83688.68,1.7865
2025-04-03 08:42:04.133825,83688.67,83688.68,83688.68,1.7865
2025-04-03 08:42:04.134168,83688.67,83688.68,83688.68,1.79807
2025-04-03 08:42:05.137819,83688.67,83688.68,83688.68,1.79807
2025-04-03 08:42:06.148399,83688.67,83688.68,83688.68,1.79807
2025-04-03 08:42:06.159632,83688.67,83688.68,83688.68,1.82335
2025-04-03 08:42:07.137588,83688.67,83688.68,83688.68,1.82335
2025-04-03 08:42:08.133813,83688.67,83688.68,83688.68,1.82335
2025-04-03 08:42:08.146668,83688.67,83688.68,83688.68,7.14432
2025-04-03 08:42:09.137737,83688.67,83688.68,83688.68,7.14432
2025-04-03 08:42:10.131436,83688.67,83688.68,83688.68,7.50601
2025-04-03 08:42:10.133413,83688.67,83688.68,83688.68,7.50601
2025-04-03 08:42:11.153166,83699.77,83688.68,83688.68,7.50601
2025-04-03 08:42:12.139098,83699.77,83699.78,83688.68,7.50601
2025-04-03 08:42:12.144488,83699.77,83699.78,83699.78,7.92252
2025-04-03 08:42:13.143240,83699.77,83699.78,83699.78,7.92252
2025-04-03 08:42:14.137775,83699.77,83699.78,83699.78,7.92252
2025-04-03 08:42:14.157801,83699.77,83699.78,83699.77,7.93263
2025-04-03 08:42:15.154032,83717.86,83699.78,83699.77,7.93263
2025-04-03 08:42:16.132171,83717.86,83699.78,83717.86,8.51235
2025-04-03 08:42:16.136593,83717.86,83717.87,83717.86,8.51235
2025-04-03 08:42:17.138555,83717.86,83717.87,83717.86,8.51235
2025-04-03 08:42:18.137560,83717.86,83717.87,83717.86,8.51235
2025-04-03 08:42:18.142964,83717.86,83717.87,83717.87,8.55273
2025-04-03 08:42:19.137984,83717.86,83717.87,83717.87,8.55273
2025-04-03 08:42:20.132959,83717.86,83717.87,83717.87,8.55273
2025-04-03 08:42:20.133225,83717.86,83717.87,83717.86,8.63901
2025-04-03 08:42:21.137919,83717.86,83717.87,83717.86,8.63901
2025-04-03 08:42:22.137644,83717.86,83717.87,83717.86,8.63901
2025-04-03 08:42:22.137906,83717.86,83717.87,83717.86,8.65427
2025-04-03 08:42:23.137463,83717.86,83717.87,83717.86,8.65427
2025-04-03 08:42:24.143273,83717.86,83717.87,83717.86,8.65427
2025-04-03 08:42:24.148674,83717.86,83717.87,83717.86,8.66958
2025-04-03 08:42:25.139734,83717.86,83717.87,83717.86,8.66958
2025-04-03 08:42:26.133378,83717.86,83717.87,83717.86,8.66958
2025-04-03 08:42:26.133646,83717.86,83717.87,83717.86,8.70985
2025-04-03 08:42:27.132738,83717.86,83717.87,83717.86,8.70985
2025-04-03 08:42:28.133177,83717.86,83717.87,83717.86,8.70985
2025-04-03 08:42:28.145024,83717.86,83717.87,83717.86,8.7182
2025-04-03 08:42:29.137829,83717.86,83717.87,83717.86,8.7182
2025-04-03 08:42:30.138009,83717.86,83717.87,83717.86,8.7182
2025-04-03 08:42:30.138232,83717.86,83717.87,83717.87,8.7381
2025-04-03 08:42:31.139089,83717.86,83717.87,83717.87,8.7381
2025-04-03 08:42:32.133001,83717.86,83717.87,83717.87,8.7381
2025-04-03 08:42:32.133225,83717.86,83717.87,83717.87,8.85235
2025-04-03 08:42:33.138277,83717.86,83717.87,83717.87,8.85235
2025-04-03 08:42:34.136796,83717.86,83717.87,83717.87,8.864
2025-04-03 08:42:34.137928,83717.86,83717.87,83717.87,8.864
2025-04-03 08:42:35.137633,83717.86,83717.87,83717.87,8.864
2025-04-03 08:42:36.133365,83717.86,83717.87,83717.87,8.864
2025-04-03 08:42:36.133598,83717.86,83717.87,83717.87,8.89592
2025-04-03 08:42:37.138530,83717.86,83717.87,83717.87,8.89592
2025-04-03 08:42:38.142908,83717.86,83717.87,83717.87,8.89592
2025-04-03 08:42:38.143134,83717.86,83717.87,83717.87,8.90793
2025-04-03 08:42:39.133680,83717.86,83717.87,83717.87,8.90793
2025-04-03 08:42:40.132203,83717.86,83717.87,83717.87,8.91107
2025-04-03 08:42:40.135519,83717.86,83717.87,83717.87,8.91107
2025-04-03 08:42:41.163422,83725.99,83717.87,83717.87,8.91107
2025-04-03 08:42:42.149780,83725.99,83726.0,83717.87,8.91107
2025-04-03 08:42:42.155748,83725.99,83726.0,83726.0,9.63893
2025-04-03 08:42:43.156873,83735.82,83726.0,83726.0,9.63893
2025-04-03 08:42:44.132259,83735.82,83726.0,83732.68,12.65233
2025-04-03 08:42:44.140060,83735.82,83732.69,83732.68,12.65233
2025-04-03 08:42:45.398504,83779.35,83732.69,83732.68,12.65233
2025-04-03 08:42:46.137199,83779.35,83732.69,83762.27,28.29301
2025-04-03 08:42:46.160469,83778.02,83762.27,83762.27,28.29301
2025-04-03 08:42:47.138546,83762.26,83762.27,83762.27,28.29301
2025-04-03 08:42:48.137635,83762.26,83762.27,83754.12,28.40796
2025-04-03 08:42:48.158575,83762.26,83754.13,83754.12,28.40796
2025-04-03 08:42:49.136512,83754.12,83752.01,83754.12,28.40796
2025-04-03 08:42:50.132025,83754.12,83752.01,83738.53,28.71979
2025-04-03 08:42:50.155137,83752.0,83738.53,83738.53,28.71979
2025-04-03 08:42:51.145311,83738.52,83735.85,83738.53,28.71979
2025-04-03 08:42:52.132283,83738.52,83735.85,83735.84,28.82049
2025-04-03 08:42:52.135539,83735.84,83735.85,83735.84,28.82049
2025-04-03 08:42:53.156291,83735.84,83724.45,83735.84,28.82049
2025-04-03 08:42:54.137009,83735.84,83724.45,83722.43,29.16671
2025-04-03 08:42:54.140546,83724.44,83722.44,83722.43,29.16671
2025-04-03 08:42:55.143942,83722.43,83722.41,83722.43,29.16671
2025-04-03 08:42:56.138473,83722.4,83720.29,83722.43,29.16671
2025-04-03 08:42:56.163290,83722.4,83720.29,83720.29,29.23509
2025-04-03 08:42:57.164838,83720.28,83712.48,83720.29,29.23509
2025-04-03 08:42:58.137592,83720.28,83712.48,83702.89,30.02411
2025-04-03 08:42:58.175171,83712.47,83702.9,83702.89,30.02411
2025-04-03 08:42:59.139284,83702.89,83702.9,83702.89,30.02411
2025-04-03 08:43:00.141123,83702.89,83701.43,83702.89,30.02411
2025-04-03 08:43:00.158654,83702.89,83701.43,83701.43,30.19765
2025-04-03 08:43:00.158851,83702.89,83701.43,83701.43,0.0
2025-04-03 08:43:01.138877,83701.42,83701.43,83701.43,0.0
2025-04-03 08:43:02.132181,83701.42,83701.43,83701.43,0.03045
2025-04-03 08:43:02.133795,83701.42,83701.43,83701.43,0.03045
2025-04-03 08:43:03.138119,83701.42,83701.43,83701.43,0.03045
2025-04-03 08:43:04.133083,83701.42,83701.43,83701.43,0.03045
2025-04-03 08:43:04.139755,83701.42,83701.43,83701.42,0.04644
2025-04-03 08:43:05.134809,83701.42,83700.38,83701.42,0.04644
2025-04-03 08:43:06.139502,83700.37,83698.2,83701.42,0.04644
2025-04-03 08:43:06.150054,83700.37,83698.2,83698.19,0.36615
2025-04-03 08:43:07.140032,83698.19,83696.04,83698.19,0.36615
2025-04-03 08:43:08.151739,83696.03,83694.01,83698.19,0.36615
2025-04-03 08:43:08.157194,83696.03,83694.01,83694.01,0.58968
2025-04-03 08:43:09.138553,83694.0,83693.72,83694.01,0.58968
2025-04-03 08:43:10.137669,83693.71,83693.72,83694.01,0.58968
2025-04-03 08:43:10.137909,83693.71,83693.72,83693.72,0.61019
2025-04-03 08:43:11.138199,83693.71,83693.72,83693.72,0.61019
2025-04-03 08:43:12.134449,83693.71,83693.72,83693.72,0.61019
2025-04-03 08:43:12.153123,83693.71,83693.72,83693.72,0.61976
2025-04-03 08:43:13.141353,83693.71,83693.72,83693.72,0.61976
2025-04-03 08:43:14.138265,83693.71,83693.72,83693.72,0.61976
2025-04-03 08:43:14.157570,83693.71,83693.72,83693.72,0.63215
2025-04-03 08:43:15.138082,83693.71,83693.72,83693.72,0.63215
2025-04-03 08:43:16.133569,83693.71,83693.72,83693.72,0.63215
2025-04-03 08:43:16.148041,83693.71,83693.72,83693.72,0.64225
2025-04-03 08:43:17.132688,83693.71,83693.72,83693.72,0.64225
2025-04-03 08:43:18.137530,83693.71,83693.72,83693.72,0.64225
2025-04-03 08:43:18.148623,83693.71,83693.72,83693.72,0.76302
2025-04-03 08:43:19.146350,83696.03,83693.72,83693.72,0.76302
2025-04-03 08:43:20.138122,83696.03,83696.04,83693.72,0.76302
2025-04-03 08:43:20.151501,83696.03,83696.04,83696.03,1.40114
2025-04-03 08:43:21.137900,83696.03,83696.04,83696.03,1.40114
2025-04-03 08:43:22.137582,83696.03,83696.04,83696.03,1.40114
2025-04-03 08:43:22.153204,83696.03,83696.04,83696.04,1.43591
2025-04-03 08:43:23.147417,83696.03,83696.04,83696.04,1.43591
2025-04-03 08:43:24.136891,83696.03,83696.04,83692.99,1.53466
2025-04-03 08:43:24.139300,83696.03,83693.0,83692.99,1.53466
2025-04-03 08:43:25.138318,83692.99,83693.0,83692.99,1.53466
2025-04-03 08:43:26.142899,83692.99,83693.0,83692.99,1.53466
2025-04-03 08:43:26.153425,83692.99,83693.0,83693.0,1.6073
2025-04-03 08:43:27.138309,83692.99,83690.2,83693.0,1.6073
2025-04-03 08:43:28.136152,83690.19,83688.68,83693.0,1.6073
2025-04-03 08:43:28.138132,83690.19,83688.68,83688.67,1.68737
2025-04-03 08:43:29.133886,83688.67,83688.68,83688.67,1.68737
2025-04-03 08:43:30.132909,83688.67,83688.68,83688.67,1.68737
2025-04-03 08:43:30.148013,83688.67,83688.68,83688.67,1.69297
2025-04-03 08:43:31.137750,83688.67,83688.68,83688.67,1.69297
2025-04-03 08:43:32.147980,83688.67,83688.68,83688.67,1.69297
2025-04-03 08:43:32.158633,83688.67,83688.68,83688.68,1.70868
2025-04-03 08:43:33.137546,83688.67,83688.68,83688.68,1.70868
2025-04-03 08:43:34.132166,83688.67,83688.68,83688.68,1.70911
2025-04-03 08:43:34.133148,83688.67,83688.68,83688.68,1.70911
2025-04-03 08:43:35.137411,83688.67,83688.68,83688.68,1.70911
2025-04-03 08:43:36.137258,83688.67,83688.68,83688.68,1.70911
2025-04-03 08:43:36.137527,83688.67,83688.68,83688.67,1.71421
2025-04-03 08:43:37.137417,83688.67,83688.68,83688.67,1.71421
2025-04-03 08:43:38.137557,83688.67,83688.68,83688.67,1.71421
2025-04-03 08:43:38.166008,83688.67,83688.68,83688.67,1.73541
2025-04-03 08:43:39.138355,83688.67,83688.68,83688.67,1.73541
2025-04-03 08:43:40.132905,83688.67,83688.68,83688.67,1.73541
2025-04-03 08:43:40.133133,83688.67,83688.68,83688.67,2.93731
2025-04-03 08:43:41.135914,83688.67,83688.68,83688.67,2.93731
2025-04-03 08:43:42.134576,83688.67,83688.68,83688.67,2.93731
2025-04-03 08:43:42.134943,83688.67,83688.68,83688.68,2.94222
2025-04-03 08:43:43.137487,83688.67,83688.68,83688.68,2.94222
2025-04-03 08:43:44.137243,83688.67,83688.68,83688.68,2.94222
2025-04-03 08:43:44.137522,83688.67,83688.68,83688.67,3.24589
2025-04-03 08:43:45.139538,83688.67,83688.68,83688.67,3.24589
2025-04-03 08:43:46.138153,83688.67,83688.68,83688.67,3.24589
2025-04-03 08:43:46.138465,83688.67,83688.68,83688.67,3.28993
2025-04-03 08:43:47.138494,83688.67,83688.68,83688.67,3.28993
2025-04-03 08:43:48.137559,83688.67,83688.68,83688.67,3.28993
2025-04-03 08:43:48.142957,83688.67,83688.68,83688.67,3.29152
2025-04-03 08:43:49.137567,83688.67,83688.68,83688.67,3.29152
2025-04-03 08:43:50.137599,83688.67,83688.68,83688.67,3.29152
2025-04-03 08:43:50.163415,83688.67,83688.68,83688.68,3.3422
2025-04-03 08:43:51.145809,83688.67,83686.06,83688.68,3.3422
2025-04-03 08:43:52.137483,83688.67,83686.06,83683.44,3.4623
2025-04-03 08:43:52.140192,83686.05,83683.45,83683.44,3.4623
2025-04-03 08:43:53.142361,83683.44,83679.31,83683.44,3.4623
2025-04-03 08:43:54.132261,83683.44,83679.31,83676.51,3.63629
2025-04-03 08:43:54.138066,83679.3,83676.52,83676.51,3.63629
2025-04-03 08:43:55.141171,83676.51,83674.43,83676.51,3.63629
2025-04-03 08:43:56.138453,83674.42,83674.43,83676.51,3.63629
2025-04-03 08:43:56.148907,83674.42,83674.43,83674.42,5.19115
2025-04-03 08:43:57.137978,83674.42,83674.43,83674.42,5.19115
2025-04-03 08:43:58.137379,83674.42,83674.43,83674.42,5.19115
2025-04-03 08:43:58.173796,83674.42,83674.43,83674.43,6.38785
2025-04-03 08:43:59.137424,83674.42,83674.43,83674.43,6.38785
2025-04-03 08:44:00.132113,83674.42,83674.43,83674.43,6.40669
2025-04-03 08:44:00.132686,83674.42,83674.43,83674.43,6.40669
2025-04-03 08:44:00.132873,83674.42,83674.43,83674.43,0.0
2025-04-03 08:44:01.138808,83674.42,83674.43,83674.43,0.0
2025-04-03 08:44:02.133002,83674.42,83674.43,83674.43,0.0
2025-04-03 08:44:02.133235,83674.42,83674.43,83674.43,0.00501
2025-04-03 08:44:03.137525,83674.42,83674.43,83674.43,0.00501
2025-04-03 08:44:04.137222,83674.42,83674.43,83674.42,0.00652
2025-04-03 08:44:04.138576,83674.42,83674.43,83674.42,0.00652
2025-04-03 08:44:05.133551,83674.42,83674.43,83674.42,0.00652
2025-04-03 08:44:06.132265,83674.42,83674.43,83674.42,0.03551
2025-04-03 08:44:06.133886,83674.42,83674.43,83674.42,0.03551
2025-04-03 08:44:07.133432,83674.42,83674.43,83674.42,0.03551
2025-04-03 08:44:08.137389,83674.42,83674.43,83674.42,0.03551
2025-04-03 08:44:08.162780,83674.42,83674.43,83674.42,0.06415
2025-04-03 08:44:09.137354,83674.42,83674.43,83674.42,0.06415
2025-04-03 08:44:10.137717,83674.42,83674.43,83674.42,0.06415
2025-04-03 08:44:10.153861,83674.42,83674.43,83674.42,0.07236
2025-04-03 08:44:11.137359,83674.42,83674.43,83674.42,0.07236
2025-04-03 08:44:12.137134,83674.42,83674.43,83674.43,0.07806
2025-04-03 08:44:12.137689,83674.42,83674.43,83674.43,0.07806
2025-04-03 08:44:13.137114,83674.42,83674.43,83674.43,0.07806
2025-04-03 08:44:14.140273,83674.42,83669.59,83674.43,0.07806
2025-04-03 08:44:14.140502,83674.42,83669.59,83670.0,5.3663
2025-04-03 08:44:15.137993,83669.58,83669.59,83670.0,5.3663
2025-04-03 08:44:16.137531,83669.58,83669.59,83670.0,5.3663
2025-04-03 08:44:16.142971,83669.58,83669.59,83669.59,5.37973
2025-04-03 08:44:17.138286,83669.58,83669.59,83669.59,5.37973
2025-04-03 08:44:18.133008,83669.58,83669.59,83669.59,5.37973
2025-04-03 08:44:18.151125,83669.58,83669.59,83669.59,5.61813
2025-04-03 08:44:19.133335,83669.58,83669.59,83669.59,5.61813
2025-04-03 08:44:20.134011,83669.58,83669.59,83669.59,5.61813
2025-04-03 08:44:20.157001,83669.58,83669.59,83669.59,5.62565
2025-04-03 08:44:21.132855,83669.58,83669.59,83669.59,5.62565
2025-04-03 08:44:22.134933,83669.58,83668.16,83669.59,5.62565
2025-04-03 08:44:22.142985,83669.58,83668.16,83668.15,6.04381
2025-04-03 08:44:23.133832,83668.15,83668.16,83668.15,6.04381
2025-04-03 08:44:24.137451,83668.15,83668.16,83668.15,6.04381
2025-04-03 08:44:24.137770,83668.15,83668.16,83668.16,6.07084
2025-04-03 08:44:25.137458,83668.15,83668.16,83668.16,6.07084
2025-04-03 08:44:26.137185,83668.15,83668.16,83668.16,6.07084
2025-04-03 08:44:26.155161,83668.15,83668.16,83668.16,6.13715
2025-04-03 08:44:27.139269,83668.15,83668.16,83668.16,6.13715
2025-04-03 08:44:28.137176,83668.15,83668.16,83688.0,23.88344
2025-04-03 08:44:28.159683,83687.99,83668.16,83688.0,23.88344
2025-04-03 08:44:29.150228,83687.99,83688.0,83688.0,23.88344
2025-04-03 08:44:30.137121,83687.99,83688.0,83688.0,23.88344
2025-04-03 08:44:30.143772,83687.99,83688.0,83687.99,23.89664
2025-04-03 08:44:31.132621,83687.99,83688.0,83687.99,23.89664
2025-04-03 08:44:32.137077,83687.99,83688.0,83687.99,23.93092
2025-04-03 08:44:32.137965,83687.99,83688.0,83687.99,23.93092
2025-04-03 08:44:33.137458,83687.99,83688.0,83687.99,23.93092
2025-04-03 08:44:34.137190,83687.99,83688.0,83687.99,23.97475
2025-04-03 08:44:34.137842,83687.99,83688.0,83687.99,23.97475
2025-04-03 08:44:35.137267,83687.99,83688.0,83687.99,23.97475
2025-04-03 08:44:36.132797,83687.99,83688.0,83687.99,23.97475
2025-04-03 08:44:36.133012,83687.99,83688.0,83687.99,24.09333
2025-04-03 08:44:37.145163,83687.99,83688.0,83687.99,24.09333
2025-04-03 08:44:38.134003,83687.99,83688.0,83687.99,24.09333
2025-04-03 08:44:38.134322,83687.99,83688.0,83687.99,24.09776
2025-04-03 08:44:39.138202,83687.99,83688.0,83687.99,24.09776
2025-04-03 08:44:40.132098,83687.99,83688.0,83687.99,24.09776
2025-04-03 08:44:40.132318,83687.99,83688.0,83688.0,26.71741
2025-04-03 08:44:41.137277,83687.99,83688.0,83688.0,26.71741
2025-04-03 08:44:42.135337,83687.99,83688.0,83688.0,26.71741
2025-04-03 08:44:42.151073,83687.99,83688.0,83688.0,26.83695
2025-04-03 08:44:43.133447,83687.99,83688.0,83688.0,26.83695
2025-04-03 08:44:44.133037,83687.99,83688.0,83688.0,26.83695
2025-04-03 08:44:44.139398,83687.99,83688.0,83688.0,26.87279
2025-04-03 08:44:45.138751,83687.99,83688.0,83688.0,26.87279
2025-04-03 08:44:46.137771,83687.99,83688.0,83688.0,26.87279
2025-04-03 08:44:46.138046,83687.99,83688.0,83688.0,26.88186
2025-04-03 08:44:47.138633,83687.99,83688.0,83688.0,26.88186
2025-04-03 08:44:48.138637,83687.99,83688.0,83688.0,26.88186
2025-04-03 08:44:48.149133,83687.99,83688.0,83687.99,26.91674
2025-04-03 08:44:49.143190,83687.99,83688.0,83687.99,26.91674
2025-04-03 08:44:50.131847,83687.99,83688.0,83687.99,26.91785
2025-04-03 08:44:50.132355,83687.99,83688.0,83687.99,26.91785
2025-04-03 08:44:51.137826,83687.99,83688.0,83687.99,26.91785
2025-04-03 08:44:52.137293,83687.99,83688.0,83687.99,26.91785
2025-04-03 08:44:52.137539,83687.99,83688.0,83687.99,26.92446
2025-04-03 08:44:53.168058,83687.99,83688.0,83687.99,26.92446
2025-04-03 08:44:54.137562,83687.99,83688.0,83687.99,26.92446
2025-04-03 08:44:54.147849,83687.99,83688.0,83688.0,26.93114
2025-04-03 08:44:55.132771,83687.99,83688.0,83688.0,26.93114
2025-04-03 08:44:56.132639,83687.99,83688.0,83687.99,26.94956
2025-04-03 08:44:56.133618,83687.99,83688.0,83687.99,26.94956
2025-04-03 08:44:57.139511,83687.99,83688.0,83687.99,26.94956
2025-04-03 08:44:58.141743,83687.99,83688.0,83687.99,26.94956
2025-04-03 08:44:58.147113,83687.99,83688.0,83687.99,27.00968
2025-04-03 08:44:59.142736,83687.99,83688.0,83687.99,27.00968
2025-04-03 08:45:00.139837,83687.99,83688.0,83687.99,27.00968
2025-04-03 08:45:00.154930,83687.99,83688.0,83687.99,27.01003
2025-04-03 08:45:00.160132,83687.99,83688.0,83687.99,0.0
2025-04-03 08:45:01.137663,83687.99,83688.0,83687.99,0.0
2025-04-03 08:45:02.137050,83687.99,83688.0,83687.99,0.11153
2025-04-03 08:45:02.143093,83687.99,83688.0,83687.99,0.11153
2025-04-03 08:45:03.137519,83687.99,83688.0,83687.99,0.11153
2025-04-03 08:45:04.132072,83687.99,83688.0,83688.0,0.12992
2025-04-03 08:45:04.133205,83687.99,83688.0,83688.0,0.12992
2025-04-03 08:45:05.137587,83687.99,83688.0,83688.0,0.12992
2025-04-03 08:45:06.131961,83687.99,83688.0,83687.99,0.13463
2025-04-03 08:45:06.133526,83687.99,83688.0,83687.99,0.13463
2025-04-03 08:45:07.135271,83687.99,83688.0,83687.99,0.13463
2025-04-03 08:45:08.133648,83687.99,83688.0,83687.99,0.13463
2025-04-03 08:45:08.142886,83687.99,83688.0,83687.99,0.20109
2025-04-03 08:45:09.137469,83687.99,83688.0,83687.99,0.20109
2025-04-03 08:45:10.138699,83687.99,83688.0,83687.99,0.20109
2025-04-03 08:45:10.154288,83687.99,83688.0,83687.99,0.20146
2025-04-03 08:45:11.138988,83687.99,83688.0,83687.99,0.20146
2025-04-03 08:45:12.137003,83687.99,83688.0,83688.0,1.76923
2025-04-03 08:45:12.143182,83687.99,83688.0,83688.0,1.76923
2025-04-03 08:45:13.138332,83688.0,83688.0,83688.0,1.76923
2025-04-03 08:45:14.138378,83689.99,83688.01,83688.0,1.76923
2025-04-03 08:45:14.143741,83689.99,83688.01,83689.99,2.52128
2025-04-03 08:45:15.145503,83696.36,83690.0,83689.99,2.52128
2025-04-03 08:45:16.152793,83696.36,83690.0,83702.99,2.75941
2025-04-03 08:45:16.161819,83702.99,83696.37,83702.99,2.75941
2025-04-03 08:45:17.137811,83702.99,83703.0,83702.99,2.75941
2025-04-03 08:45:18.137908,83702.99,83703.0,83702.99,2.75941
2025-04-03 08:45:18.168368,83702.99,83703.0,83703.0,3.96628
2025-04-03 08:45:19.132719,83702.99,83703.0,83703.0,3.96628
2025-04-03 08:45:20.131878,83702.99,83703.0,83702.99,5.16557
2025-04-03 08:45:20.132677,83702.99,83703.0,83702.99,5.16557
2025-04-03 08:45:21.137970,83702.99,83703.0,83702.99,5.16557
2025-04-03 08:45:22.137342,83702.99,83703.0,83702.99,5.16557
2025-04-03 08:45:22.137522,83702.99,83703.0,83702.99,6.58237
2025-04-03 08:45:23.144958,83702.99,83703.0,83702.99,6.58237
2025-04-03 08:45:24.132375,83702.99,83703.0,83702.99,6.58237
2025-04-03 08:45:24.132718,83702.99,83703.0,83702.99,6.58718
2025-04-03 08:45:25.137981,83702.99,83703.0,83702.99,6.58718
2025-04-03 08:45:26.137442,83702.99,83703.0,83696.04,7.06719
2025-04-03 08:45:26.140352,83702.99,83696.04,83696.04,7.06719
2025-04-03 08:45:27.137932,83696.03,83696.04,83696.04,7.06719
2025-04-03 08:45:28.132656,83696.03,83696.04,83696.04,7.06719
2025-04-03 08:45:28.132872,83696.03,83696.04,83696.04,7.08026
2025-04-03 08:45:29.137139,83696.03,83696.04,83696.04,7.08026
2025-04-03 08:45:30.139105,83696.03,83696.04,83696.04,7.08026
2025-04-03 08:45:30.144496,83696.03,83696.04,83696.03,7.09064
2025-04-03 08:45:31.154887,83696.03,83692.5,83696.03,7.09064
2025-04-03 08:45:32.134028,83692.49,83692.5,83696.03,7.09064
2025-04-03 08:45:32.134355,83692.49,83692.5,83692.49,7.12232
2025-04-03 08:45:33.138003,83692.49,83692.5,83692.49,7.12232
2025-04-03 08:45:34.137378,83692.49,83692.5,83692.49,7.12232
2025-04-03 08:45:34.149432,83692.49,83692.5,83692.49,7.12318
2025-04-03 08:45:35.137248,83692.49,83692.5,83692.49,7.12318
2025-04-03 08:45:36.136464,83692.49,83692.5,83692.49,7.13092
2025-04-03 08:45:36.141972,83692.49,83692.5,83692.49,7.13092
2025-04-03 08:45:37.137790,83692.49,83692.5,83692.49,7.13092
2025-04-03 08:45:38.137503,83692.49,83692.5,83692.49,7.13092
2025-04-03 08:45:38.142928,83692.49,83692.5,83692.49,7.16637
2025-04-03 08:45:39.139124,83692.49,83688.97,83692.49,7.16637
2025-04-03 08:45:40.133107,83688.96,83688.97,83692.49,7.16637
2025-04-03 08:45:40.133342,83688.96,83688.97,83688.97,7.38241
2025-04-03 08:45:41.137707,83688.96,83688.97,83688.97,7.38241
2025-04-03 08:45:42.137809,83688.96,83688.97,83688.97,7.38241
2025-04-03 08:45:42.149921,83688.96,83688.97,83688.96,7.40745
2025-04-03 08:45:43.133066,83688.96,83688.97,83688.96,7.40745
2025-04-03 08:45:44.132235,83688.96,83688.97,83688.96,7.40745
2025-04-03 08:45:44.143749,83688.96,83688.97,83688.96,7.41953
2025-04-03 08:45:45.127641,83688.96,83688.97,83688.96,7.41953
2025-04-03 08:45:46.137284,83688.96,83688.97,83688.96,7.41953
2025-04-03 08:45:46.137564,83688.96,83688.97,83688.97,7.55343
2025-04-03 08:45:47.137649,83688.96,83688.97,83688.97,7.55343
2025-04-03 08:45:48.138161,83688.96,83688.97,83688.97,7.55343
2025-04-03 08:45:48.138454,83688.96,83688.97,83688.96,7.61022
2025-04-03 08:45:49.168010,83688.96,83668.77,83688.96,7.61022
2025-04-03 08:45:50.160179,83668.76,83659.78,83688.96,7.61022
2025-04-03 08:45:50.160544,83668.76,83659.78,83659.77,10.51841
2025-04-03 08:45:51.140305,83659.77,83659.47,83659.77,10.51841
2025-04-03 08:45:52.135467,83659.46,83655.62,83659.77,10.51841
2025-04-03 08:45:52.135733,83659.46,83655.62,83655.61,11.00244
2025-04-03 08:45:53.139118,83655.61,83655.62,83655.61,11.00244
2025-04-03 08:45:54.129948,83655.61,83655.62,83655.61,11.00244
2025-04-03 08:45:54.130302,83655.61,83655.62,83655.61,11.03269
2025-04-03 08:45:55.142860,83655.61,83655.62,83655.61,11.03269
2025-04-03 08:45:56.148920,83655.61,83655.62,83631.39,13.93904
2025-04-03 08:45:56.219708,83655.61,83631.4,83631.39,13.93904
2025-04-03 08:45:57.140882,83631.39,83631.0,83631.39,13.93904
2025-04-03 08:45:58.131891,83630.99,83627.59,83631.39,13.93904
2025-04-03 08:45:58.132238,83630.99,83627.59,83627.58,14.16308
2025-04-03 08:45:59.137835,83627.58,83627.59,83627.58,14.16308
2025-04-03 08:46:00.132295,83627.58,83627.59,83627.58,14.16308
2025-04-03 08:46:00.132493,83627.58,83627.59,83627.59,14.17661
2025-04-03 08:46:00.132655,83627.58,83627.59,83627.59,0.0
2025-04-03 08:46:01.164944,83627.58,83618.51,83627.59,0.0
2025-04-03 08:46:02.133624,83618.5,83618.51,83627.59,0.0
2025-04-03 08:46:02.133906,83618.5,83618.51,83618.51,0.43359
2025-04-03 08:46:03.145199,83618.5,83615.47,83618.51,0.43359
2025-04-03 08:46:04.137990,83615.46,83615.47,83618.51,0.43359
2025-04-03 08:46:04.158053,83615.46,83615.47,83615.47,0.49873
2025-04-03 08:46:05.137421,83615.46,83615.47,83615.47,0.49873
2025-04-03 08:46:06.137731,83615.46,83615.47,83615.47,0.49873
2025-04-03 08:46:06.153136,83615.46,83615.47,83615.47,0.50571
2025-04-03 08:46:07.158813,83615.46,83607.01,83615.47,0.50571
2025-04-03 08:46:08.132081,83615.46,83607.01,83607.01,1.15897
2025-04-03 08:46:08.136231,83607.0,83607.01,83607.01,1.15897
2025-04-03 08:46:09.133353,83607.0,83607.01,83607.01,1.15897
2025-04-03 08:46:10.137795,83607.0,83607.01,83607.01,1.15897
2025-04-03 08:46:10.143161,83607.0,83607.01,83607.01,1.18525
2025-04-03 08:46:11.145004,83607.0,83607.01,83607.01,1.18525
2025-04-03 08:46:12.134198,83607.0,83607.01,83607.01,1.18525
2025-04-03 08:46:12.134434,83607.0,83607.01,83607.01,1.2112
2025-04-03 08:46:13.137816,83607.0,83607.01,83607.01,1.2112
2025-04-03 08:46:14.137673,83607.0,83607.01,83607.01,1.2112
2025-04-03 08:46:14.161133,83607.0,83607.01,83607.0,1.21411
2025-04-03 08:46:15.149123,83607.0,83607.01,83607.0,1.21411
2025-04-03 08:46:16.132322,83607.0,83607.01,83607.0,1.21411
2025-04-03 08:46:16.132536,83607.0,83607.01,83607.01,1.22619
2025-04-03 08:46:17.137688,83607.0,83607.01,83607.01,1.22619
2025-04-03 08:46:18.138258,83607.0,83607.01,83607.01,1.22619
2025-04-03 08:46:18.138547,83607.0,83607.01,83607.01,1.28098
2025-04-03 08:46:19.137303,83607.0,83607.01,83607.01,1.28098
2025-04-03 08:46:20.133949,83607.0,83607.01,83607.01,1.28098
2025-04-03 08:46:20.139397,83607.0,83607.01,83607.01,2.3033
2025-04-03 08:46:21.134690,83607.0,83607.01,83607.01,2.3033
2025-04-03 08:46:22.142430,83607.0,83607.01,83607.0,2.36101
2025-04-03 08:46:22.144526,83607.0,83607.01,83607.0,2.36101
2025-04-03 08:46:23.137395,83607.0,83607.01,83607.0,2.36101
2025-04-03 08:46:24.137405,83607.0,83607.01,83607.0,2.36101
2025-04-03 08:46:24.142842,83607.0,83607.01,83607.0,2.3624
2025-04-03 08:46:25.137594,83607.0,83607.01,83607.0,2.3624
2025-04-03 08:46:26.139599,83607.0,83607.01,83607.0,2.3624
2025-04-03 08:46:26.139827,83607.0,83607.01,83607.0,2.43077
2025-04-03 08:46:27.138187,83607.0,83606.99,83607.0,2.43077
2025-04-03 08:46:28.132004,83607.0,83606.99,83604.0,2.50646
2025-04-03 08:46:28.135888,83606.98,83604.01,83604.0,2.50646
2025-04-03 08:46:29.137299,83604.0,83604.01,83604.0,2.50646
2025-04-03 08:46:30.132360,83604.0,83604.01,83604.0,2.50646
2025-04-03 08:46:30.132588,83604.0,83604.01,83604.01,2.57313
2025-04-03 08:46:31.138275,83604.0,83603.42,83604.01,2.57313
2025-04-03 08:46:32.132898,83603.41,83603.42,83604.01,2.57313
2025-04-03 08:46:32.133266,83603.41,83603.42,83603.42,3.62052
2025-04-03 08:46:33.134054,83603.41,83603.42,83603.42,3.62052
2025-04-03 08:46:34.131963,83603.41,83603.42,83603.41,3.62434
2025-04-03 08:46:34.133996,83603.41,83603.42,83603.41,3.62434
2025-04-03 08:46:35.137282,83603.41,83603.42,83603.41,3.62434
2025-04-03 08:46:36.138745,83603.41,83602.06,83603.41,3.62434
2025-04-03 08:46:36.138973,83603.41,83602.06,83602.12,4.04523
2025-04-03 08:46:37.168495,83602.05,83597.71,83602.12,4.04523
2025-04-03 08:46:38.142420,83602.05,83597.71,83590.79,4.5531
2025-04-03 08:46:38.146662,83597.7,83590.8,83590.79,4.5531
2025-04-03 08:46:39.137873,83590.79,83590.8,83590.79,4.5531
2025-04-03 08:46:40.138571,83590.79,83590.8,83590.79,4.5531
2025-04-03 08:46:40.138865,83590.79,83590.8,83590.79,4.55469
2025-04-03 08:46:41.137515,83590.79,83590.8,83590.79,4.55469
2025-04-03 08:46:42.132575,83590.79,83590.8,83590.79,4.55469
2025-04-03 08:46:42.132865,83590.79,83590.8,83590.79,4.56563
2025-04-03 08:46:43.138339,83590.79,83590.8,83590.79,4.56563
2025-04-03 08:46:44.137817,83590.79,83590.8,83590.79,4.56563
2025-04-03 08:46:44.171290,83590.79,83590.8,83590.79,4.95802
2025-04-03 08:46:45.135520,83590.79,83590.66,83590.79,4.95802
2025-04-03 08:46:46.132048,83590.79,83590.66,83590.65,4.97578
2025-04-03 08:46:46.135094,83590.65,83590.66,83590.65,4.97578
2025-04-03 08:46:47.137460,83590.65,83590.66,83590.65,4.97578
2025-04-03 08:46:48.134480,83590.65,83590.66,83590.66,4.97587
2025-04-03 08:46:48.142235,83590.65,83590.66,83590.66,4.97587
2025-04-03 08:46:49.162093,83597.87,83590.66,83590.66,4.97587
2025-04-03 08:46:50.141796,83597.87,83597.88,83590.66,4.97587
2025-04-03 08:46:50.147164,83597.87,83597.88,83597.88,5.92455
2025-04-03 08:46:51.144039,83597.87,83597.88,83597.88,5.92455
2025-04-03 08:46:52.137482,83597.87,83597.88,83597.88,5.92455
2025-04-03 08:46:52.148063,83597.87,83597.88,83597.87,5.92796
2025-04-03 08:46:53.137441,83597.87,83597.88,83597.87,5.92796
2025-04-03 08:46:54.137266,83597.87,83597.88,83597.87,5.92796
2025-04-03 08:46:54.158300,83597.87,83597.88,83597.88,5.96631
2025-04-03 08:46:55.137264,83597.87,83597.88,83597.88,5.96631
2025-04-03 08:46:56.131909,83597.87,83597.88,83597.88,5.98189
2025-04-03 08:46:56.134386,83597.87,83597.88,83597.88,5.98189
2025-04-03 08:46:57.133288,83597.87,83597.88,83597.88,5.98189
2025-04-03 08:46:58.127859,83597.87,83597.88,83597.88,5.99496
2025-04-03 08:46:58.128898,83597.87,83597.88,83597.88,5.99496
2025-04-03 08:46:59.137915,83597.87,83597.88,83597.88,5.99496
2025-04-03 08:47:00.137442,83597.87,83597.88,83597.88,5.99496
2025-04-03 08:47:00.153322,83597.87,83597.88,83597.88,6.46167
2025-04-03 08:47:00.153476,83597.87,83597.88,83597.88,0.0
2025-04-03 08:47:01.137751,83597.87,83597.88,83597.88,0.0
2025-04-03 08:47:02.137068,83604.88,83597.88,83597.88,0.0
2025-04-03 08:47:02.147777,83604.88,83597.88,83604.89,0.99757
2025-04-03 08:47:03.143774,83604.88,83604.89,83604.89,0.99757
2025-04-03 08:47:04.137369,83604.88,83604.89,83604.89,0.99757
2025-04-03 08:47:04.148054,83604.88,83604.89,83604.89,1.00282
2025-04-03 08:47:05.137902,83604.88,83604.89,83604.89,1.00282
2025-04-03 08:47:06.137362,83604.88,83604.89,83604.89,1.00282
2025-04-03 08:47:06.160161,83604.88,83604.89,83604.88,1.04829
2025-04-03 08:47:07.139993,83605.63,83604.89,83604.88,1.04829
2025-04-03 08:47:08.145369,83605.63,83605.64,83604.88,1.04829
2025-04-03 08:47:08.155841,83605.63,83605.64,83605.64,1.29309
2025-04-03 08:47:09.133783,83605.63,83605.64,83605.64,1.29309
2025-04-03 08:47:10.132779,83605.63,83605.64,83605.64,1.29309
2025-04-03 08:47:10.133069,83605.63,83605.64,83605.64,1.34013
2025-04-03 08:47:11.137446,83605.63,83605.64,83605.64,1.34013
2025-04-03 08:47:12.138970,83605.63,83605.64,83605.64,1.34013
2025-04-03 08:47:12.144374,83605.63,83605.64,83605.63,1.35648
2025-04-03 08:47:13.139151,83605.63,83605.64,83605.63,1.35648
2025-04-03 08:47:14.137889,83605.63,83605.64,83605.63,1.35648
2025-04-03 08:47:14.148333,83605.63,83605.64,83605.64,1.38457
2025-04-03 08:47:15.139814,83605.63,83601.38,83605.64,1.38457
2025-04-03 08:47:16.139928,83601.37,83601.38,83605.64,1.38457
2025-04-03 08:47:16.140160,83601.37,83601.38,83601.37,1.45454
2025-04-03 08:47:17.138709,83601.37,83601.38,83601.37,1.45454
2025-04-03 08:47:18.133405,83601.37,83601.38,83601.38,1.45717
2025-04-03 08:47:18.134041,83601.37,83601.38,83601.38,1.45717
2025-04-03 08:47:19.138666,83601.37,83604.42,83601.38,1.45717
2025-04-03 08:47:20.140083,83601.37,83598.65,83601.38,1.45717
2025-04-03 08:47:20.145483,83601.37,83598.65,83598.65,1.50599
2025-04-03 08:47:21.133771,83598.64,83598.65,83598.65,1.50599
2025-04-03 08:47:22.134083,83598.64,83598.65,83598.65,1.50599
2025-04-03 08:47:22.169412,83598.64,83598.65,83598.65,1.51939
2025-04-03 08:47:23.137733,83598.64,83598.65,83598.65,1.51939
2025-04-03 08:47:24.138494,83598.64,83598.65,83598.64,1.53242
2025-04-03 08:47:24.139066,83598.64,83598.65,83598.64,1.53242
2025-04-03 08:47:25.139776,83598.64,83598.65,83598.64,1.53242
2025-04-03 08:47:26.140139,83598.64,83598.65,83598.64,1.53242
2025-04-03 08:47:26.140375,83598.64,83598.65,83598.65,1.60122
2025-04-03 08:47:27.138937,83598.64,83598.65,83598.65,1.60122
2025-04-03 08:47:28.132960,83598.64,83598.65,83598.65,1.64492
2025-04-03 08:47:28.138555,83598.64,83598.65,83598.65,1.64492
2025-04-03 08:47:29.141593,83598.64,83597.88,83598.65,1.64492
2025-04-03 08:47:30.139050,83597.87,83597.88,83598.65,1.64492
2025-04-03 08:47:30.139286,83597.87,83597.88,83597.87,1.76383
2025-04-03 08:47:31.137529,83597.87,83597.88,83597.87,1.76383
2025-04-03 08:47:32.132192,83597.87,83597.88,83597.88,1.78314
2025-04-03 08:47:32.134003,83597.87,83597.88,83597.88,1.78314
2025-04-03 08:47:33.139512,83597.87,83597.88,83597.88,1.78314
2025-04-03 08:47:34.133035,83597.87,83597.88,83597.88,1.78314
2025-04-03 08:47:34.139538,83597.87,83597.88,83597.88,1.79732
2025-04-03 08:47:35.134120,83597.87,83597.88,83597.88,1.79732
2025-04-03 08:47:36.138869,83597.87,83597.88,83597.88,1.79732
2025-04-03 08:47:36.161214,83597.87,83597.88,83597.88,1.93641
2025-04-03 08:47:37.134725,83597.87,83597.88,83597.88,1.93641
2025-04-03 08:47:38.133026,83597.87,83597.88,83602.24,2.89107
2025-04-03 08:47:38.169157,83602.23,83597.88,83602.24,2.89107
2025-04-03 08:47:39.164551,83612.86,83592.4,83602.24,2.89107
2025-04-03 08:47:40.139727,83592.39,83592.4,83602.24,2.89107
2025-04-03 08:47:40.169213,83592.39,83592.4,83592.4,10.36184
2025-04-03 08:47:41.141683,83592.39,83592.4,83592.4,10.36184
2025-04-03 08:47:42.139673,83592.39,83592.4,83592.4,10.36184
2025-04-03 08:47:42.139918,83592.39,83592.4,83592.4,11.79817
2025-04-03 08:47:43.138822,83592.39,83592.4,83592.4,11.79817
2025-04-03 08:47:44.138823,83592.39,83592.4,83592.4,11.79817
2025-04-03 08:47:44.154370,83592.39,83592.4,83592.4,11.79894
2025-04-03 08:47:45.138488,83592.39,83592.4,83592.4,11.79894
2025-04-03 08:47:46.133423,83592.39,83592.4,83592.4,11.80873
2025-04-03 08:47:46.135005,83592.39,83592.4,83592.4,11.80873
2025-04-03 08:47:47.133967,83592.39,83592.4,83592.4,11.80873
2025-04-03 08:47:48.138837,83592.39,83592.4,83592.4,11.80873
2025-04-03 08:47:48.144275,83592.39,83592.4,83592.4,11.81168
2025-04-03 08:47:49.138393,83592.39,83592.4,83592.4,11.81168
2025-04-03 08:47:50.138830,83592.39,83592.4,83592.4,11.81168
2025-04-03 08:47:50.144209,83592.39,83592.4,83592.4,11.8119
2025-04-03 08:47:51.138596,83592.39,83592.4,83592.4,11.8119
2025-04-03 08:47:52.132416,83592.39,83592.4,83592.4,11.81434
2025-04-03 08:47:52.137933,83592.39,83594.26,83592.4,11.81434
2025-04-03 08:47:53.138387,83592.39,83592.4,83592.4,11.81434
2025-04-03 08:47:54.138136,83592.39,83592.4,83592.4,11.82276
2025-04-03 08:47:54.143742,83592.39,83592.4,83592.4,11.82276
2025-04-03 08:47:55.138670,83592.39,83592.4,83592.4,11.82276
2025-04-03 08:47:56.139107,83592.39,83592.4,83592.4,11.82276
2025-04-03 08:47:56.153905,83592.39,83592.4,83592.4,11.83994
2025-04-03 08:47:57.158960,83605.08,83592.4,83592.4,11.83994
2025-04-03 08:47:58.134151,83604.17,83604.18,83592.4,11.83994
2025-04-03 08:47:58.134487,83604.17,83604.18,83605.94,14.19151
2025-04-03 08:47:59.135172,83604.17,83604.18,83605.94,14.19151
2025-04-03 08:48:00.139240,83604.17,83604.18,83605.94,14.19151
2025-04-03 08:48:00.139514,83604.17,83604.18,83604.18,14.19435
2025-04-03 08:48:00.139644,83604.17,83604.18,83604.18,0.0
2025-04-03 08:48:01.139196,83604.17,83604.18,83604.18,0.0
2025-04-03 08:48:02.144499,83604.17,83604.18,83604.18,0.0
2025-04-03 08:48:02.171194,83604.17,83604.18,83604.18,0.00027
2025-04-03 08:48:03.138807,83604.17,83604.18,83604.18,0.00027
2025-04-03 08:48:04.133208,83604.17,83604.18,83604.17,0.03674
2025-04-03 08:48:04.133948,83604.17,83604.18,83604.17,0.03674
2025-04-03 08:48:05.166319,83613.02,83604.18,83604.17,0.03674
2025-04-03 08:48:06.142140,83618.2,83613.03,83604.17,0.03674
2025-04-03 08:48:06.142411,83618.2,83613.03,83618.21,1.26163
2025-04-03 08:48:07.139840,83618.2,83618.21,83618.21,1.26163
2025-04-03 08:48:08.139280,83618.2,83618.21,83618.21,1.26163
2025-04-03 08:48:08.153817,83618.2,83618.21,83618.21,1.3246
2025-04-03 08:48:09.138918,83618.2,83618.21,83618.21,1.3246
2025-04-03 08:48:10.133447,83618.2,83618.21,83618.21,1.37544
2025-04-03 08:48:10.134474,83618.2,83618.21,83618.21,1.37544
2025-04-03 08:48:11.133997,83618.2,83618.21,83618.21,1.37544
2025-04-03 08:48:12.133974,83618.2,83618.21,83618.21,1.37544
2025-04-03 08:48:12.134173,83618.2,83618.21,83618.21,1.3834
2025-04-03 08:48:13.136349,83618.2,83618.21,83618.21,1.3834
2025-04-03 08:48:14.133069,83618.2,83618.21,83618.21,1.39374
2025-04-03 08:48:14.133575,83618.2,83618.21,83618.21,1.39374
2025-04-03 08:48:15.177576,83640.17,83618.21,83618.21,1.39374
2025-04-03 08:48:16.140451,83640.17,83640.18,83618.21,1.39374
2025-04-03 08:48:16.140752,83640.17,83640.18,83640.18,1.83135
2025-04-03 08:48:17.147131,83641.5,83640.18,83640.18,1.83135
2025-04-03 08:48:18.139542,83641.5,83641.51,83640.18,1.83135
2025-04-03 08:48:18.168624,83641.5,83641.51,83641.5,1.89943
2025-04-03 08:48:19.138360,83641.5,83641.51,83641.5,1.89943
2025-04-03 08:48:20.133327,83641.5,83641.51,83641.51,1.97456
2025-04-03 08:48:20.134413,83641.5,83641.51,83641.51,1.97456
2025-04-03 08:48:21.139420,83641.5,83641.51,83641.51,1.97456
2025-04-03 08:48:22.133136,83641.5,83641.51,83641.51,1.97516
2025-04-03 08:48:22.134920,83641.5,83641.51,83641.51,1.97516
2025-04-03 08:48:23.138578,83641.5,83641.51,83641.51,1.97516
2025-04-03 08:48:24.134828,83641.5,83641.51,83641.51,1.97516
2025-04-03 08:48:24.167641,83641.5,83641.51,83641.51,2.14645
2025-04-03 08:48:25.138888,83641.5,83641.51,83641.51,2.14645
2025-04-03 08:48:26.140711,83641.5,83641.51,83641.51,2.14645
2025-04-03 08:48:26.141006,83641.5,83641.51,83641.5,2.15413
2025-04-03 08:48:27.139911,83641.5,83641.51,83641.5,2.15413
2025-04-03 08:48:28.139062,83641.5,83641.51,83641.5,2.15413
2025-04-03 08:48:28.153465,83641.5,83641.51,83641.51,2.16423
2025-04-03 08:48:29.138673,83641.5,83641.51,83641.51,2.16423
2025-04-03 08:48:30.138489,83641.5,83641.51,83641.51,2.16423
2025-04-03 08:48:30.138731,83641.5,83641.51,83641.51,2.16517
2025-04-03 08:48:31.138382,83641.5,83641.51,83641.51,2.16517
2025-04-03 08:48:32.134163,83641.5,83641.51,83641.51,2.16517
2025-04-03 08:48:32.139481,83641.5,83641.51,83641.5,2.18148
2025-04-03 08:48:33.138901,83641.5,83641.51,83641.5,2.18148
2025-04-03 08:48:34.137688,83641.5,83641.51,83641.51,2.65969
2025-04-03 08:48:34.138058,83641.5,83641.51,83641.51,2.65969
2025-04-03 08:48:35.134535,83641.5,83641.51,83641.51,2.65969
2025-04-03 08:48:36.130670,83641.5,83641.51,83641.51,2.65969
2025-04-03 08:48:36.131001,83641.5,83641.51,83641.51,2.93567
2025-04-03 08:48:37.138431,83641.5,83641.51,83641.51,2.93567
2025-04-03 08:48:38.132027,83643.41,83641.51,83641.51,2.93567
2025-04-03 08:48:38.132278,83643.41,83641.51,83643.3,3.2478
2025-04-03 08:48:39.140783,83646.28,83643.42,83643.3,3.2478
2025-04-03 08:48:40.138922,83646.28,83646.29,83643.3,3.2478
2025-04-03 08:48:40.154482,83646.28,83646.29,83646.29,3.29688
2025-04-03 08:48:41.139031,83646.28,83646.29,83646.29,3.29688
2025-04-03 08:48:42.133122,83646.28,83646.29,83646.29,3.29688
2025-04-03 08:48:42.133380,83646.28,83646.29,83646.29,3.31407
2025-04-03 08:48:43.140635,83646.28,83646.29,83646.29,3.31407
2025-04-03 08:48:44.133297,83646.28,83646.29,83646.29,3.31407
2025-04-03 08:48:44.133525,83646.28,83646.29,83646.28,3.33915
2025-04-03 08:48:45.160042,83646.28,83639.25,83646.28,3.33915
2025-04-03 08:48:46.136939,83646.28,83639.25,83639.23,4.20992
2025-04-03 08:48:46.138021,83639.24,83639.24,83639.23,4.20992
2025-04-03 08:48:47.136639,83639.23,83634.55,83639.23,4.20992
2025-04-03 08:48:48.133905,83639.23,83634.55,83624.41,4.4856
2025-04-03 08:48:48.168460,83634.54,83624.41,83624.41,4.4856
2025-04-03 08:48:49.135111,83624.4,83624.41,83624.41,4.4856
2025-04-03 08:48:50.146257,83624.4,83623.33,83624.41,4.4856
2025-04-03 08:48:50.146607,83624.4,83623.33,83623.33,4.53762
2025-04-03 08:48:51.139336,83623.32,83623.33,83623.33,4.53762
2025-04-03 08:48:52.136051,83623.32,83622.01,83623.33,4.53762
2025-04-03 08:48:52.136356,83623.32,83622.01,83622.0,4.59429
2025-04-03 08:48:53.138802,83622.0,83622.01,83622.0,4.59429
2025-04-03 08:48:54.134461,83622.0,83622.01,83622.0,4.59429
2025-04-03 08:48:54.134712,83622.0,83622.01,83622.01,4.61662
2025-04-03 08:48:55.140059,83622.0,83622.01,83622.01,4.61662
2025-04-03 08:48:56.135102,83622.0,83622.01,83622.01,4.61662
2025-04-03 08:48:56.135363,83622.0,83622.01,83622.0,4.64163
2025-04-03 08:48:57.139132,83622.0,83622.01,83622.0,4.64163
2025-04-03 08:48:58.139677,83622.0,83622.02,83622.0,4.64163
2025-04-03 08:48:58.153067,83622.0,83622.02,83622.0,4.8136
2025-04-03 08:48:59.139134,83622.0,83622.01,83622.0,4.8136
2025-04-03 08:49:00.135566,83622.0,83622.01,83622.0,4.8136
2025-04-03 08:49:00.143890,83622.0,83622.01,83622.0,4.81922
2025-04-03 08:49:00.144081,83622.0,83622.01,83622.0,0.0
2025-04-03 08:49:01.139200,83622.0,83622.01,83622.0,0.0
2025-04-03 08:49:02.139121,83622.0,83622.01,83622.0,0.0
2025-04-03 08:49:02.144529,83622.0,83622.01,83622.0,0.02722
2025-04-03 08:49:03.140661,83622.0,83622.01,83622.0,0.02722
2025-04-03 08:49:04.143284,83622.0,83622.01,83633.9,0.79439
2025-04-03 08:49:04.143946,83633.9,83622.01,83633.9,0.79439
2025-04-03 08:49:05.139575,83633.9,83633.91,83633.9,0.79439
2025-04-03 08:49:06.139113,83633.9,83633.91,83633.9,0.79439
2025-04-03 08:49:06.144511,83633.9,83633.91,83633.9,0.85571
2025-04-03 08:49:07.138816,83633.9,83633.91,83633.9,0.85571
2025-04-03 08:49:08.143338,83633.9,83633.91,83633.9,0.85571
2025-04-03 08:49:08.148787,83633.9,83633.91,83633.91,0.867
2025-04-03 08:49:09.138973,83633.9,83633.91,83633.91,0.867
2025-04-03 08:49:10.138970,83633.9,83633.91,83633.91,0.867
2025-04-03 08:49:10.139245,83633.9,83633.91,83633.91,0.88493
2025-04-03 08:49:11.145916,83633.9,83633.91,83633.91,0.88493
2025-04-03 08:49:12.134072,83633.9,83633.91,83633.91,0.88493
2025-04-03 08:49:12.144966,83633.9,83633.91,83633.91,1.66875
2025-04-03 08:49:13.136489,83633.9,83633.91,83633.91,1.66875
2025-04-03 08:49:14.133353,83633.9,83633.91,83631.27,1.72811
2025-04-03 08:49:14.152975,83633.9,83631.27,83631.27,1.72811
2025-04-03 08:49:15.159323,83631.26,83622.02,83631.27,1.72811
2025-04-03 08:49:16.138638,83622.01,83618.53,83631.27,1.72811
2025-04-03 08:49:16.138912,83622.01,83618.53,83618.52,2.45991
2025-04-03 08:49:17.140328,83618.52,83615.41,83618.52,2.45991
2025-04-03 08:49:18.140024,83615.4,83611.93,83618.52,2.45991
2025-04-03 08:49:18.140274,83615.4,83611.93,83611.92,2.72722
2025-04-03 08:49:19.139423,83611.92,83611.93,83611.92,2.72722
2025-04-03 08:49:20.132758,83611.92,83611.93,83611.92,2.72722
2025-04-03 08:49:20.138179,83611.92,83611.93,83611.93,2.72786
2025-04-03 08:49:21.145743,83611.92,83611.93,83611.93,2.72786
2025-04-03 08:49:22.132859,83611.92,83611.93,83611.93,2.73209
2025-04-03 08:49:22.133369,83611.92,83611.93,83611.93,2.73209
2025-04-03 08:49:23.138858,83611.92,83611.93,83611.93,2.73209
2025-04-03 08:49:24.131814,83611.92,83611.93,83611.93,2.73429
2025-04-03 08:49:24.136000,83611.92,83611.93,83611.93,2.73429
2025-04-03 08:49:25.135314,83611.92,83611.93,83611.93,2.73429
2025-04-03 08:49:26.139112,83611.92,83611.93,83611.93,2.73429
2025-04-03 08:49:26.152781,83611.92,83611.93,83611.93,2.74601
2025-04-03 08:49:27.138534,83611.92,83611.93,83611.93,2.74601
2025-04-03 08:49:28.138437,83611.92,83611.93,83611.93,2.74848
2025-04-03 08:49:28.139562,83611.92,83611.93,83611.93,2.74848
2025-04-03 08:49:29.138555,83611.92,83611.93,83611.93,2.74848
2025-04-03 08:49:30.138350,83611.92,83611.93,83611.93,2.74848
2025-04-03 08:49:30.143752,83611.92,83611.93,83611.93,2.76676
2025-04-03 08:49:31.138793,83611.92,83611.93,83611.93,2.76676
2025-04-03 08:49:32.138419,83611.92,83611.93,83611.93,2.76676
2025-04-03 08:49:32.162478,83611.92,83611.93,83611.93,2.81764
2025-04-03 08:49:33.138698,83611.92,83611.93,83611.93,2.81764
2025-04-03 08:49:34.138662,83611.92,83611.93,83611.92,2.81834
2025-04-03 08:49:34.139372,83611.92,83611.93,83611.92,2.81834
2025-04-03 08:49:35.140413,83611.92,83611.93,83611.92,2.81834
2025-04-03 08:49:36.136668,83611.92,83611.93,83611.92,2.81834
2025-04-03 08:49:36.137034,83611.92,83611.93,83611.93,3.11771
2025-04-03 08:49:37.139320,83620.84,83611.93,83611.93,3.11771
2025-04-03 08:49:38.133490,83620.84,83611.93,83620.85,3.23272
2025-04-03 08:49:38.137771,83620.84,83620.85,83620.85,3.23272
2025-04-03 08:49:39.138897,83620.84,83620.85,83620.85,3.23272
2025-04-03 08:49:40.138772,83620.84,83620.85,83620.85,3.23272
2025-04-03 08:49:40.168971,83620.84,83620.85,83620.84,3.9773
2025-04-03 08:49:41.138498,83620.84,83620.85,83620.84,3.9773
2025-04-03 08:49:42.138334,83620.84,83620.85,83620.85,3.9873
2025-04-03 08:49:42.139169,83620.84,83620.85,83620.85,3.9873
2025-04-03 08:49:43.138750,83620.84,83620.85,83620.85,3.9873
2025-04-03 08:49:44.132296,83620.84,83620.85,83620.85,3.9873
2025-04-03 08:49:44.143895,83620.84,83620.85,83620.85,4.01036
2025-04-03 08:49:45.139372,83620.84,83620.85,83620.85,4.01036
2025-04-03 08:49:46.135324,83620.84,83620.85,83620.85,4.01036
2025-04-03 08:49:46.135567,83620.84,83620.85,83620.85,4.0249
2025-04-03 08:49:47.138917,83620.84,83620.85,83620.85,4.0249
2025-04-03 08:49:48.138276,83620.84,83620.85,83620.85,4.02951
2025-04-03 08:49:48.139019,83620.84,83620.85,83620.85,4.02951
2025-04-03 08:49:49.136354,83620.84,83620.85,83620.85,4.02951
2025-04-03 08:49:50.135057,83620.84,83620.85,83620.85,4.02951
2025-04-03 08:49:50.148320,83620.84,83620.85,83620.85,4.06039
2025-04-03 08:49:51.138704,83620.84,83620.85,83620.85,4.06039
2025-04-03 08:49:52.137639,83620.84,83620.85,83620.85,4.06039
2025-04-03 08:49:52.137858,83620.84,83620.85,83620.84,4.07138
2025-04-03 08:49:53.138995,83620.84,83620.85,83620.84,4.07138
2025-04-03 08:49:54.138500,83620.84,83620.85,83620.84,4.07138
2025-04-03 08:49:54.143872,83620.84,83620.85,83620.84,4.0846
2025-04-03 08:49:55.138574,83620.84,83620.85,83620.84,4.0846
2025-04-03 08:49:56.138850,83620.84,83620.85,83620.84,4.0846
2025-04-03 08:49:56.158802,83620.84,83620.85,83620.85,4.09766
2025-04-03 08:49:57.139077,83620.84,83620.85,83620.85,4.09766
2025-04-03 08:49:58.139041,83620.84,83620.85,83620.85,4.09766
2025-04-03 08:49:58.180154,83620.84,83620.85,83620.85,4.10118
2025-04-03 08:49:59.138555,83620.84,83620.85,83620.85,4.10118
2025-04-03 08:50:00.140267,83620.84,83620.85,83620.85,4.10118
2025-04-03 08:50:00.140553,83620.84,83620.85,83620.85,4.11141
2025-04-03 08:50:00.140689,83620.84,83620.85,83620.85,0.0
2025-04-03 08:50:01.134116,83620.84,83620.85,83620.85,0.0
2025-04-03 08:50:02.148365,83620.84,83620.85,83605.18,0.90946
2025-04-03 08:50:02.163130,83620.84,83605.18,83605.18,0.90946
2025-04-03 08:50:03.140456,83605.17,83602.21,83605.18,0.90946
2025-04-03 08:50:04.133704,83605.17,83602.21,83594.34,1.04452
2025-04-03 08:50:04.149536,83602.2,83594.34,83594.34,1.04452
2025-04-03 08:50:05.153725,83594.33,83592.01,83594.34,1.04452
2025-04-03 08:50:06.138379,83594.33,83592.01,83592.01,1.39351
2025-04-03 08:50:06.140605,83592.0,83592.01,83592.01,1.39351
2025-04-03 08:50:07.139406,83592.0,83592.01,83592.01,1.39351
2025-04-03 08:50:08.131878,83592.0,83592.01,83592.0,1.41136
2025-04-03 08:50:08.137848,83592.0,83592.01,83592.0,1.41136
2025-04-03 08:50:09.139089,83592.0,83592.01,83592.0,1.41136
2025-04-03 08:50:10.138798,83592.0,83592.01,83592.0,1.41136
2025-04-03 08:50:10.139029,83592.0,83592.01,83592.0,1.41998
2025-04-03 08:50:11.158024,83592.0,83592.01,83592.0,1.41998
2025-04-03 08:50:12.138663,83592.0,83592.01,83599.96,1.78423
2025-04-03 08:50:12.152582,83599.95,83592.01,83599.96,1.78423
2025-04-03 08:50:13.134732,83599.95,83599.96,83599.96,1.78423
2025-04-03 08:50:14.132134,83599.95,83599.96,83599.95,1.80417
2025-04-03 08:50:14.134533,83599.95,83599.96,83599.95,1.80417
2025-04-03 08:50:15.146822,83600.64,83599.96,83599.95,1.80417
2025-04-03 08:50:16.133623,83600.64,83599.96,83612.52,2.0986
2025-04-03 08:50:16.149898,83612.51,83600.65,83612.52,2.0986
2025-04-03 08:50:17.141280,83613.52,83612.52,83612.52,2.0986
2025-04-03 08:50:18.134180,83613.52,83613.53,83612.52,2.0986
2025-04-03 08:50:18.139513,83613.52,83613.53,83613.52,2.19135
2025-04-03 08:50:19.139157,83613.52,83613.53,83613.52,2.19135
2025-04-03 08:50:20.138933,83613.52,83613.53,83613.52,2.19135
2025-04-03 08:50:20.144323,83613.52,83613.53,83613.53,2.19645
2025-04-03 08:50:21.138995,83613.52,83613.53,83613.53,2.19645
2025-04-03 08:50:22.133921,83613.52,83613.53,83613.53,2.19645
2025-04-03 08:50:22.134165,83613.52,83613.53,83613.52,2.83295
2025-04-03 08:50:23.138947,83613.52,83613.53,83613.52,2.83295
2025-04-03 08:50:24.138182,83613.52,83613.53,83613.53,3.5178
2025-04-03 08:50:24.141223,83613.52,83613.53,83613.53,3.5178
2025-04-03 08:50:25.134669,83613.52,83613.53,83613.53,3.5178
2025-04-03 08:50:26.131940,83613.52,83613.53,83613.53,3.5178
2025-04-03 08:50:26.152904,83613.52,83613.53,83613.52,3.56272
2025-04-03 08:50:27.138821,83613.52,83613.53,83613.52,3.56272
2025-04-03 08:50:28.137526,83613.52,83613.53,83613.52,3.56272
2025-04-03 08:50:28.137915,83613.52,83613.53,83613.52,4.4361
2025-04-03 08:50:29.139121,83613.52,83613.53,83613.52,4.4361
2025-04-03 08:50:30.139414,83613.52,83613.53,83613.52,4.4361
2025-04-03 08:50:30.139689,83613.52,83613.53,83613.53,4.61644
2025-04-03 08:50:31.138817,83613.52,83613.53,83613.53,4.61644
2025-04-03 08:50:32.144110,83613.52,83613.53,83613.53,4.61644
2025-04-03 08:50:32.144352,83613.52,83613.53,83613.53,5.06496
2025-04-03 08:50:33.139642,83613.52,83613.53,83613.53,5.06496
2025-04-03 08:50:34.152969,83620.81,83613.53,83613.53,5.06496
2025-04-03 08:50:34.153232,83620.81,83613.53,83620.81,6.08042
2025-04-03 08:50:35.139717,83620.81,83620.82,83620.81,6.08042
2025-04-03 08:50:36.133779,83620.81,83620.82,83620.81,6.08042
2025-04-03 08:50:36.134029,83620.81,83620.82,83620.82,6.08549
2025-04-03 08:50:37.133944,83620.81,83620.82,83620.82,6.08549
2025-04-03 08:50:38.133549,83620.81,83620.82,83620.81,6.77281
2025-04-03 08:50:38.134430,83620.81,83620.82,83620.81,6.77281
2025-04-03 08:50:39.134607,83620.81,83620.82,83620.81,6.77281
2025-04-03 08:50:40.138915,83620.81,83620.82,83620.81,6.77281
2025-04-03 08:50:40.144332,83620.81,83620.82,83620.82,6.80449
2025-04-03 08:50:41.138963,83620.81,83620.82,83620.82,6.80449
2025-04-03 08:50:42.138874,83620.81,83620.82,83620.82,6.80449
2025-04-03 08:50:42.139103,83620.81,83620.82,83620.82,6.81966
2025-04-03 08:50:43.139205,83620.81,83620.82,83620.82,6.81966
2025-04-03 08:50:44.133590,83620.81,83620.82,83613.53,6.94619
2025-04-03 08:50:44.143835,83620.81,83613.53,83613.53,6.94619
2025-04-03 08:50:45.143547,83613.52,83613.53,83613.53,6.94619
2025-04-03 08:50:46.134517,83613.52,83613.53,83613.53,6.94619
2025-04-03 08:50:46.134776,83613.52,83613.53,83613.53,6.96555
2025-04-03 08:50:47.139768,83613.52,83613.53,83613.53,6.96555
2025-04-03 08:50:48.133362,83613.52,83613.53,83613.53,7.04868
2025-04-03 08:50:48.134279,83613.52,83613.53,83613.53,7.04868
2025-04-03 08:50:49.139429,83613.52,83613.53,83613.53,7.04868
2025-04-03 08:50:50.130352,83613.52,83613.53,83613.53,7.04868
2025-04-03 08:50:50.137130,83613.52,83613.53,83613.52,7.04911
2025-04-03 08:50:51.141394,83613.52,83613.53,83613.52,7.04911
2025-04-03 08:50:52.131750,83613.52,83613.53,83619.83,7.37999
2025-04-03 08:50:52.134278,83619.83,83613.53,83619.83,7.37999
2025-04-03 08:50:53.138910,83619.83,83619.84,83619.83,7.37999
2025-04-03 08:50:54.133271,83619.83,83619.84,83620.81,7.40056
2025-04-03 08:50:54.135063,83620.81,83619.84,83620.81,7.40056
2025-04-03 08:50:55.139338,83620.81,83620.82,83620.81,7.40056
2025-04-03 08:50:56.134395,83620.81,83620.82,83620.81,7.40056
2025-04-03 08:50:56.139781,83620.81,83620.82,83620.81,7.50619
2025-04-03 08:50:57.138854,83620.81,83620.82,83620.81,7.50619
2025-04-03 08:50:58.131832,83620.81,83620.82,83620.82,7.51068
2025-04-03 08:50:58.132718,83620.81,83620.82,83620.82,7.51068
2025-04-03 08:50:59.139416,83620.81,83620.82,83620.82,7.51068
2025-04-03 08:51:00.134449,83620.81,83620.82,83620.82,7.51068
2025-04-03 08:51:00.149261,83620.81,83620.82,83620.81,7.51914
2025-04-03 08:51:00.149443,83620.81,83620.82,83620.81,0.0
2025-04-03 08:51:01.150299,83620.81,83620.81,83620.81,0.0
2025-04-03 08:51:02.132954,83620.81,83620.81,83618.09,0.16291
2025-04-03 08:51:02.135833,83620.8,83618.1,83618.09,0.16291
2025-04-03 08:51:03.136459,83618.09,83615.91,83618.09,0.16291
2025-04-03 08:51:04.138894,83618.09,83615.91,83609.07,0.82603
2025-04-03 08:51:04.150999,83615.9,83609.08,83609.07,0.82603
2025-04-03 08:51:05.140972,83609.07,83603.62,83609.07,0.82603
2025-04-03 08:51:06.139091,83603.61,83603.62,83609.07,0.82603
2025-04-03 08:51:06.149625,83603.61,83603.62,83603.61,0.87021
2025-04-03 08:51:07.162404,83603.61,83594.71,83603.61,0.87021
2025-04-03 08:51:08.138716,83603.61,83594.71,83594.71,1.16673
2025-04-03 08:51:08.139679,83594.7,83594.71,83594.71,1.16673
2025-04-03 08:51:09.145892,83601.32,83594.71,83594.71,1.16673
2025-04-03 08:51:10.138195,83601.32,83594.71,83601.33,1.93313
2025-04-03 08:51:10.139292,83601.32,83601.33,83601.33,1.93313
2025-04-03 08:51:11.138604,83601.32,83601.33,83601.33,1.93313
2025-04-03 08:51:12.133800,83601.32,83599.06,83601.33,1.93313
2025-04-03 08:51:12.134026,83601.32,83599.06,83599.06,2.00757
2025-04-03 08:51:13.139953,83599.05,83596.46,83599.06,2.00757
2025-04-03 08:51:14.135370,83596.45,83596.46,83599.06,2.00757
2025-04-03 08:51:14.135700,83596.45,83596.46,83596.46,2.08769
2025-04-03 08:51:15.134944,83596.45,83596.46,83596.46,2.08769
2025-04-03 08:51:16.138602,83596.45,83596.46,83596.46,2.08769
2025-04-03 08:51:16.143987,83596.45,83596.46,83596.46,2.10112
2025-04-03 08:51:17.138440,83596.45,83596.46,83596.46,2.10112
2025-04-03 08:51:18.137594,83596.45,83596.46,83596.46,2.10112
2025-04-03 08:51:18.137822,83596.45,83596.46,83596.46,2.20631
2025-04-03 08:51:19.138908,83596.45,83596.46,83596.46,2.20631
2025-04-03 08:51:20.138420,83596.45,83596.46,83596.46,2.20631
2025-04-03 08:51:20.162796,83596.45,83596.46,83596.45,2.24025
2025-04-03 08:51:21.138958,83596.45,83596.46,83596.45,2.24025
2025-04-03 08:51:22.133440,83596.45,83596.46,83596.45,2.24025
2025-04-03 08:51:22.133734,83596.45,83596.46,83596.46,2.24847
2025-04-03 08:51:23.138704,83596.45,83596.46,83596.46,2.24847
2025-04-03 08:51:24.132785,83596.45,83596.46,83596.45,2.27482
2025-04-03 08:51:24.133808,83596.45,83596.46,83596.45,2.27482
2025-04-03 08:51:25.138948,83596.45,83596.46,83596.45,2.27482
2025-04-03 08:51:26.133299,83596.45,83596.46,83596.46,2.2899
2025-04-03 08:51:26.133922,83596.45,83596.46,83596.46,2.2899
2025-04-03 08:51:27.133782,83596.45,83596.46,83596.46,2.2899
2025-04-03 08:51:28.135720,83596.45,83596.46,83596.46,2.2899
2025-04-03 08:51:28.143339,83596.45,83596.46,83596.46,2.30427
2025-04-03 08:51:29.140678,83596.45,83596.33,83596.46,2.30427
2025-04-03 08:51:30.148918,83596.45,83596.33,83592.0,2.76119
2025-04-03 08:51:30.169463,83596.32,83592.01,83592.0,2.76119
2025-04-03 08:51:31.134808,83592.0,83592.01,83592.0,2.76119
2025-04-03 08:51:32.133791,83592.0,83592.01,83592.0,2.76119
2025-04-03 08:51:32.134011,83592.0,83592.01,83592.01,2.76663
2025-04-03 08:51:33.135077,83592.0,83592.01,83592.01,2.76663
2025-04-03 08:51:34.133245,83592.0,83592.01,83592.01,2.76663
2025-04-03 08:51:34.133445,83592.0,83592.01,83592.01,2.80844
2025-04-03 08:51:35.138576,83592.0,83592.01,83592.01,2.80844
2025-04-03 08:51:36.139853,83592.0,83590.01,83592.01,2.80844
2025-04-03 08:51:36.158011,83592.0,83590.01,83590.0,2.97833
2025-04-03 08:51:37.138793,83590.0,83590.01,83590.0,2.97833
2025-04-03 08:51:38.138901,83590.0,83590.01,83590.0,2.97833
2025-04-03 08:51:38.139154,83590.0,83590.01,83590.0,3.01721
2025-04-03 08:51:39.134431,83590.0,83590.01,83590.0,3.01721
2025-04-03 08:51:40.134226,83590.0,83590.01,83590.0,3.01721
2025-04-03 08:51:40.135870,83590.0,83590.01,83590.0,3.70542
2025-04-03 08:51:41.141338,83590.0,83587.23,83590.0,3.70542
2025-04-03 08:51:42.138635,83587.22,83587.23,83590.0,3.70542
2025-04-03 08:51:42.144035,83587.22,83587.23,83587.23,3.86353
2025-04-03 08:51:43.160730,83587.22,83580.35,83587.23,3.86353
2025-04-03 08:51:44.134137,83580.34,83580.35,83587.23,3.86353
2025-04-03 08:51:44.148260,83580.34,83580.35,83580.35,4.06716
2025-04-03 08:51:45.140112,83580.34,83580.35,83580.35,4.06716
2025-04-03 08:51:46.137218,83580.34,83580.35,83580.35,4.09747
2025-04-03 08:51:46.137823,83580.34,83580.35,83580.35,4.09747
2025-04-03 08:51:47.143954,83580.34,83580.01,83580.35,4.09747
2025-04-03 08:51:48.137367,83580.0,83580.01,83580.35,4.09747
2025-04-03 08:51:48.137578,83580.0,83580.01,83580.01,4.26666
2025-04-03 08:51:49.140084,83580.0,83578.43,83580.01,4.26666
2025-04-03 08:51:50.140164,83578.42,83578.43,83580.01,4.26666
2025-04-03 08:51:50.145540,83578.42,83578.43,83578.42,4.39586
2025-04-03 08:51:51.137023,83578.42,83578.43,83578.42,4.39586
2025-04-03 08:51:52.133968,83578.42,83578.43,83578.42,4.39586
2025-04-03 08:51:52.134301,83578.42,83578.43,83578.43,4.45368
2025-04-03 08:51:53.140783,83578.42,83578.43,83578.43,4.45368
2025-04-03 08:51:54.138228,83578.42,83578.43,83578.43,4.50716
2025-04-03 08:51:54.139029,83578.42,83578.43,83578.43,4.50716
2025-04-03 08:51:55.138859,83578.42,83578.43,83578.43,4.50716
2025-04-03 08:51:56.133171,83578.42,83578.43,83578.42,4.64638
2025-04-03 08:51:56.138830,83578.42,83578.43,83578.42,4.64638
2025-04-03 08:51:57.136407,83578.42,83578.43,83578.42,4.64638
2025-04-03 08:51:58.138792,83578.42,83578.43,83578.42,4.64638
2025-04-03 08:51:58.144173,83578.42,83578.43,83578.43,4.65788
2025-04-03 08:51:59.143861,83578.42,83578.43,83578.43,4.65788
2025-04-03 08:52:00.138348,83578.42,83578.43,83578.42,4.69994
2025-04-03 08:52:00.138574,83578.42,83578.43,83578.42,0.0
2025-04-03 08:52:00.138929,83578.42,83578.43,83578.42,0.0
2025-04-03 08:52:01.139315,83578.42,83578.43,83578.42,0.0
2025-04-03 08:52:02.133841,83578.42,83578.43,83594.76,2.99835
2025-04-03 08:52:02.157224,83594.75,83578.43,83594.76,2.99835
2025-04-03 08:52:03.156843,83606.49,83594.76,83594.76,2.99835
2025-04-03 08:52:04.135780,83606.49,83606.5,83594.76,2.99835
2025-04-03 08:52:04.164985,83606.49,83606.5,83606.5,3.12127
2025-04-03 08:52:05.134299,83606.49,83606.5,83606.5,3.12127
2025-04-03 08:52:06.133951,83606.49,83606.5,83606.5,3.12127
2025-04-03 08:52:06.134176,83606.49,83606.5,83606.5,3.16852
2025-04-03 08:52:07.134640,83606.49,83606.5,83606.5,3.16852
2025-04-03 08:52:08.138857,83606.49,83606.5,83606.5,3.16852
2025-04-03 08:52:08.139075,83606.49,83606.5,83606.5,3.37321
2025-04-03 08:52:09.138663,83606.49,83606.5,83606.5,3.37321
2025-04-03 08:52:10.138896,83606.49,83606.5,83606.5,3.37321
2025-04-03 08:52:10.159099,83606.49,83606.5,83606.49,3.38905
2025-04-03 08:52:11.140690,83606.49,83606.5,83606.49,3.38905
2025-04-03 08:52:12.138772,83606.49,83606.5,83606.49,3.38905
2025-04-03 08:52:12.139017,83606.49,83606.5,83606.5,3.42305
2025-04-03 08:52:13.138944,83606.49,83606.5,83606.5,3.42305
2025-04-03 08:52:14.139462,83606.49,83605.07,83606.5,3.42305
2025-04-03 08:52:14.152980,83606.49,83605.07,83605.06,3.49626
2025-04-03 08:52:15.134360,83602.19,83605.07,83605.06,3.49626
2025-04-03 08:52:16.135964,83605.06,83604.67,83605.06,3.49626
2025-04-03 08:52:16.136257,83605.06,83604.67,83604.67,3.62418
2025-04-03 08:52:17.174280,83604.66,83596.05,83604.67,3.62418
2025-04-03 08:52:18.139907,83596.04,83596.05,83604.67,3.62418
2025-04-03 08:52:18.145306,83596.04,83596.05,83596.05,3.86706
2025-04-03 08:52:19.140127,83596.04,83596.05,83596.05,3.86706
2025-04-03 08:52:20.134030,83596.04,83596.05,83596.05,3.86706
2025-04-03 08:52:20.134228,83596.04,83596.05,83596.05,3.8787
2025-04-03 08:52:21.141396,83596.04,83594.37,83596.05,3.8787
2025-04-03 08:52:22.139820,83594.36,83594.37,83596.05,3.8787
2025-04-03 08:52:22.185803,83594.36,83594.37,83594.36,4.10068
2025-04-03 08:52:23.139217,83594.36,83594.37,83594.36,4.10068
2025-04-03 08:52:24.138805,83594.36,83594.37,83594.36,4.10068
2025-04-03 08:52:24.162571,83594.36,83594.37,83594.36,4.1243
2025-04-03 08:52:25.139051,83594.36,83594.37,83594.36,4.1243
2025-04-03 08:52:26.140393,83594.36,83594.37,83594.36,4.1243
2025-04-03 08:52:26.145823,83594.36,83594.37,83594.37,4.15451
2025-04-03 08:52:27.134275,83594.36,83594.37,83594.37,4.15451
2025-04-03 08:52:28.132361,83594.36,83594.37,83594.37,4.16213
2025-04-03 08:52:28.133513,83594.36,83594.37,83594.37,4.16213
2025-04-03 08:52:29.134687,83594.36,83594.37,83594.37,4.16213
2025-04-03 08:52:30.133470,83594.36,83594.37,83594.37,4.16213
2025-04-03 08:52:30.133708,83594.36,83594.37,83594.37,4.2442
2025-04-03 08:52:31.139068,83594.36,83594.36,83594.37,4.2442
2025-04-03 08:52:32.133324,83594.36,83594.36,83594.35,4.30381
2025-04-03 08:52:32.139242,83594.35,83594.36,83594.35,4.30381
2025-04-03 08:52:33.168289,83594.35,83585.53,83594.35,4.30381
2025-04-03 08:52:34.138505,83594.35,83585.53,83582.68,5.41956
2025-04-03 08:52:34.146492,83585.52,83582.68,83582.68,5.41956
2025-04-03 08:52:35.135328,83582.67,83582.68,83582.68,5.41956
2025-04-03 08:52:36.133389,83582.67,83582.68,83580.18,5.51547
2025-04-03 08:52:36.140693,83582.67,83580.18,83580.18,5.51547
2025-04-03 08:52:37.157237,83588.78,83580.18,83580.18,5.51547
2025-04-03 08:52:38.133218,83588.78,83588.79,83580.18,5.51547
2025-04-03 08:52:38.133435,83588.78,83588.79,83588.79,9.43308
2025-04-03 08:52:39.138644,83588.78,83588.79,83588.79,9.43308
2025-04-03 08:52:40.134515,83588.78,83588.79,83588.79,9.43308
2025-04-03 08:52:40.134837,83588.78,83588.79,83588.79,9.58871
2025-04-03 08:52:41.133782,83588.78,83588.79,83588.79,9.58871
2025-04-03 08:52:42.132929,83588.78,83588.79,83588.78,9.60611
2025-04-03 08:52:42.133758,83588.78,83588.79,83588.78,9.60611
2025-04-03 08:52:43.139061,83588.78,83588.79,83588.78,9.60611
2025-04-03 08:52:44.139152,83588.78,83588.79,83588.78,9.60611
2025-04-03 08:52:44.144532,83588.78,83588.79,83588.78,9.63361
2025-04-03 08:52:45.139301,83588.78,83588.79,83588.78,9.63361
2025-04-03 08:52:46.132077,83588.78,83588.79,83588.79,9.94876
2025-04-03 08:52:46.132665,83588.78,83588.79,83588.79,9.94876
2025-04-03 08:52:47.139656,83588.78,83588.79,83588.79,9.94876
2025-04-03 08:52:48.138865,83588.78,83588.79,83588.79,9.94876
2025-04-03 08:52:48.179430,83588.78,83588.79,83588.79,10.04773
2025-04-03 08:52:49.139150,83588.78,83588.79,83588.79,10.04773
2025-04-03 08:52:50.133536,83588.78,83588.79,83588.79,10.04773
2025-04-03 08:52:50.138824,83588.78,83588.79,83588.79,10.05746
2025-04-03 08:52:51.138559,83588.78,83588.79,83588.79,10.05746
2025-04-03 08:52:52.132104,83588.78,83588.79,83588.79,10.06761
2025-04-03 08:52:52.133464,83588.78,83588.79,83588.79,10.06761
2025-04-03 08:52:53.134191,83588.78,83588.79,83588.79,10.06761
2025-04-03 08:52:54.138969,83588.78,83588.79,83588.79,10.06761
2025-04-03 08:52:54.169581,83588.78,83588.79,83588.79,10.0997
2025-04-03 08:52:55.139192,83588.78,83588.79,83588.79,10.0997
2025-04-03 08:52:56.132369,83588.78,83588.79,83594.36,10.57253
2025-04-03 08:52:56.135317,83594.35,83588.79,83594.36,10.57253
2025-04-03 08:52:57.140781,83594.35,83594.36,83594.36,10.57253
2025-04-03 08:52:58.144862,83594.35,83594.36,83594.36,10.57253
2025-04-03 08:52:58.150238,83594.35,83594.36,83594.35,10.60077
2025-04-03 08:52:59.140062,83594.35,83594.36,83594.35,10.60077
2025-04-03 08:53:00.143859,83594.35,83594.36,83594.35,10.60077
2025-04-03 08:53:00.144082,83594.35,83594.36,83594.36,10.64716
2025-04-03 08:53:00.144187,83594.35,83594.36,83594.36,0.0
2025-04-03 08:53:01.138878,83594.35,83594.36,83594.36,0.0
2025-04-03 08:53:02.138892,83594.35,83594.36,83594.36,0.0
2025-04-03 08:53:02.139128,83594.35,83594.36,83594.36,0.02937
2025-04-03 08:53:03.138899,83594.35,83594.36,83594.36,0.02937
2025-04-03 08:53:04.133911,83594.35,83594.36,83594.36,0.02937
2025-04-03 08:53:04.146007,83594.35,83594.36,83594.35,0.08816
2025-04-03 08:53:05.134491,83594.35,83594.36,83594.35,0.08816
2025-04-03 08:53:06.131845,83594.35,83594.36,83594.36,0.1651
2025-04-03 08:53:06.132667,83594.35,83594.36,83594.36,0.1651
2025-04-03 08:53:07.149025,83597.73,83594.36,83594.36,0.1651
2025-04-03 08:53:08.139396,83597.73,83597.74,83594.36,0.1651
2025-04-03 08:53:08.144794,83597.73,83597.74,83597.74,0.64815
2025-04-03 08:53:09.139186,83597.73,83597.74,83597.74,0.64815
2025-04-03 08:53:10.137565,83597.73,83597.74,83597.73,0.72587
2025-04-03 08:53:10.138133,83597.73,83597.74,83597.73,0.72587
2025-04-03 08:53:11.138812,83597.73,83597.74,83597.73,0.72587
2025-04-03 08:53:12.138985,83597.73,83597.74,83597.73,0.72587
2025-04-03 08:53:12.144327,83597.73,83597.74,83597.73,0.76128
2025-04-03 08:53:13.144693,83597.73,83597.74,83597.73,0.76128
2025-04-03 08:53:14.132767,83597.73,83597.74,83597.73,0.76128
2025-04-03 08:53:14.132987,83597.73,83597.74,83597.74,0.77395
2025-04-03 08:53:15.138638,83597.73,83597.74,83597.74,0.77395
2025-04-03 08:53:16.133203,83597.73,83597.74,83597.74,0.84249
2025-04-03 08:53:16.138059,83597.73,83597.74,83597.74,0.84249
2025-04-03 08:53:17.128499,83597.73,83597.74,83597.74,0.84249
2025-04-03 08:53:18.133695,83597.73,83597.74,83597.74,0.84249
2025-04-03 08:53:18.143639,83597.73,83597.74,83597.74,0.85419
2025-04-03 08:53:19.138777,83597.73,83597.74,83597.74,0.85419
2025-04-03 08:53:20.138625,83597.73,83597.74,83597.74,0.85419
2025-04-03 08:53:20.138882,83597.73,83597.74,83597.74,0.88502
2025-04-03 08:53:21.138285,83597.73,83597.74,83597.74,0.88502
2025-04-03 08:53:22.133038,83597.73,83597.74,83597.74,0.88502
2025-04-03 08:53:22.143453,83597.73,83597.74,83597.74,0.93541
2025-04-03 08:53:23.143743,83597.73,83597.74,83597.74,0.93541
2025-04-03 08:53:24.134915,83597.73,83597.74,83597.74,0.93541
2025-04-03 08:53:24.140316,83597.73,83597.74,83597.73,0.93706
2025-04-03 08:53:25.138705,83597.73,83597.74,83597.73,0.93706
2025-04-03 08:53:26.133735,83597.73,83597.74,83597.73,0.93706
2025-04-03 08:53:26.133968,83597.73,83597.74,83597.74,0.95115
2025-04-03 08:53:27.147847,83597.73,83597.74,83597.74,0.95115
2025-04-03 08:53:28.138999,83597.73,83603.75,83597.74,0.95115
2025-04-03 08:53:28.167823,83597.73,83603.75,83597.74,0.95201
2025-04-03 08:53:29.133714,83597.73,83597.74,83597.74,0.95201
2025-04-03 08:53:30.133298,83597.73,83597.74,83597.74,0.95201
2025-04-03 08:53:30.168025,83597.73,83597.74,83597.73,0.97746
2025-04-03 08:53:31.138273,83597.73,83597.74,83597.73,0.97746
2025-04-03 08:53:32.139042,83597.73,83597.74,83597.73,0.97746
2025-04-03 08:53:32.139270,83597.73,83597.74,83597.74,0.98981
2025-04-03 08:53:33.138654,83597.73,83597.74,83597.74,0.98981
2025-04-03 08:53:34.138508,83597.73,83597.74,83597.74,0.98981
2025-04-03 08:53:34.179731,83597.73,83597.74,83597.74,1.00778
2025-04-03 08:53:35.157544,83597.73,83594.36,83597.74,1.00778
2025-04-03 08:53:36.133724,83597.73,83594.36,83582.87,2.18722
2025-04-03 08:53:36.150146,83594.35,83582.88,83582.87,2.18722
2025-04-03 08:53:37.146529,83582.87,83581.48,83582.87,2.18722
2025-04-03 08:53:38.138785,83582.87,83581.48,83581.48,2.3053
2025-04-03 08:53:38.139689,83581.47,83581.48,83581.48,2.3053
2025-04-03 08:53:39.138971,83581.47,83589.15,83581.48,2.3053
2025-04-03 08:53:40.139401,83581.47,83580.18,83581.48,2.3053
2025-04-03 08:53:40.153186,83581.47,83580.18,83580.18,2.39053
2025-04-03 08:53:41.133762,83580.17,83580.18,83580.18,2.39053
2025-04-03 08:53:42.134401,83580.17,83580.18,83580.18,2.39053
2025-04-03 08:53:42.139950,83580.17,83580.18,83580.17,2.42876
2025-04-03 08:53:43.139749,83580.17,83578.43,83580.17,2.42876
2025-04-03 08:53:44.139200,83578.42,83578.43,83580.17,2.42876
2025-04-03 08:53:44.149665,83578.42,83578.43,83578.42,2.84004
2025-04-03 08:53:45.139860,83578.42,83578.43,83578.42,2.84004
2025-04-03 08:53:46.138949,83578.42,83578.43,83563.81,5.76645
2025-04-03 08:53:46.180107,83578.42,83563.82,83563.81,5.76645
2025-04-03 08:53:47.135515,83563.81,83563.82,83563.81,5.76645
2025-04-03 08:53:48.138664,83563.81,83563.82,83563.81,5.76645
2025-04-03 08:53:48.138981,83563.81,83563.82,83563.82,5.77374
2025-04-03 08:53:49.141951,83563.89,83563.82,83563.82,5.77374
2025-04-03 08:53:50.133430,83563.89,83563.82,83563.9,6.24277
2025-04-03 08:53:50.134008,83563.89,83563.9,83563.9,6.24277
2025-04-03 08:53:51.146953,83563.89,83563.82,83563.9,6.24277
2025-04-03 08:53:52.131916,83563.89,83563.82,83549.98,10.31889
2025-04-03 08:53:52.162570,83563.81,83547.17,83549.98,10.31889
2025-04-03 08:53:53.139622,83549.98,83549.99,83549.98,10.31889
2025-04-03 08:53:54.133255,83549.98,83549.99,83549.99,10.33361
2025-04-03 08:53:54.135512,83549.98,83549.99,83549.99,10.33361
2025-04-03 08:53:55.136341,83549.98,83549.99,83549.99,10.33361
2025-04-03 08:53:56.134189,83549.98,83549.99,83549.99,10.33361
2025-04-03 08:53:56.134384,83549.98,83549.99,83549.98,10.51654
2025-04-03 08:53:57.138911,83549.98,83549.99,83549.98,10.51654
2025-04-03 08:53:58.133532,83549.98,83549.99,83557.6,12.83947
2025-04-03 08:53:58.148154,83557.59,83549.99,83557.6,12.83947
2025-04-03 08:53:59.140062,83558.31,83557.6,83557.6,12.83947
2025-04-03 08:54:00.139623,83558.31,83558.32,83557.6,12.83947
2025-04-03 08:54:00.160020,83558.31,83558.32,83558.32,12.94948
2025-04-03 08:54:00.160219,83558.31,83558.32,83558.32,0.0
2025-04-03 08:54:01.139071,83558.31,83558.32,83558.32,0.0
2025-04-03 08:54:02.151791,83567.99,83558.32,83558.32,0.0
2025-04-03 08:54:02.157386,83567.99,83558.32,83568.0,0.42492
2025-04-03 08:54:03.142747,83569.99,83568.0,83568.0,0.42492
2025-04-03 08:54:04.140723,83569.99,83570.0,83568.0,0.42492
2025-04-03 08:54:04.166241,83569.99,83570.0,83569.99,0.56752
2025-04-03 08:54:05.138949,83569.99,83570.0,83569.99,0.56752
2025-04-03 08:54:06.135275,83569.99,83570.0,83569.99,0.56752
2025-04-03 08:54:06.141542,83569.99,83570.0,83570.0,0.57284
2025-04-03 08:54:07.135887,83569.99,83570.0,83570.0,0.57284
2025-04-03 08:54:08.138432,83569.99,83570.0,83570.0,0.57284
2025-04-03 08:54:08.158058,83569.99,83570.0,83570.0,0.57311
2025-04-03 08:54:09.139132,83569.99,83570.0,83570.0,0.57311
2025-04-03 08:54:10.133272,83569.99,83570.0,83570.0,0.64873
2025-04-03 08:54:10.133934,83569.99,83570.0,83570.0,0.64873
2025-04-03 08:54:11.139495,83569.99,83570.0,83570.0,0.64873
2025-04-03 08:54:12.141834,83569.99,83570.0,83570.0,0.64873
2025-04-03 08:54:12.153737,83569.99,83570.0,83570.0,0.64941
2025-04-03 08:54:13.141206,83569.99,83563.92,83570.0,0.64941
2025-04-03 08:54:14.139472,83563.91,83563.92,83570.0,0.64941
2025-04-03 08:54:14.144934,83563.91,83563.92,83564.1,1.01311
2025-04-03 08:54:15.140520,83563.91,83563.92,83564.1,1.01311
2025-04-03 08:54:16.138910,83563.91,83563.92,83564.1,1.01311
2025-04-03 08:54:16.139193,83563.91,83563.92,83563.91,1.08953
2025-04-03 08:54:17.143761,83563.91,83563.92,83563.91,1.08953
2025-04-03 08:54:18.134225,83563.91,83563.92,83563.91,1.08953
2025-04-03 08:54:18.147013,83563.91,83563.92,83563.92,2.01372
2025-04-03 08:54:19.133901,83563.91,83563.92,83563.92,2.01372
2025-04-03 08:54:20.138493,83563.91,83563.92,83563.92,2.01372
2025-04-03 08:54:20.143896,83563.91,83563.92,83563.92,2.02493
2025-04-03 08:54:21.139308,83563.91,83563.92,83563.92,2.02493
2025-04-03 08:54:22.138534,83563.91,83563.92,83563.92,2.02493
2025-04-03 08:54:22.155391,83563.91,83563.92,83563.92,2.03043
2025-04-03 08:54:23.138504,83563.91,83563.92,83563.92,2.03043
2025-04-03 08:54:24.129188,83563.91,83563.92,83563.92,2.03043
2025-04-03 08:54:24.152905,83563.91,83563.92,83563.91,2.0332
2025-04-03 08:54:25.133609,83563.91,83563.92,83563.91,2.0332
2025-04-03 08:54:26.138571,83563.91,83563.92,83563.91,2.0332
2025-04-03 08:54:26.157095,83563.91,83563.92,83563.91,2.0473
