timestamp,bid_price,ask_price,trade_price,volume,mid_price
2025-04-15 18:22:57,85675.98,85675.99,85675.99,33134.328517199996,85675.985
2025-04-15 18:22:58,85675.98,85672.76,85672.75,15856.344823799998,85674.37
2025-04-15 18:22:59,85672.75,85672.76,85672.76,30159.381701,85672.755
2025-04-15 18:23:00,85590.49,85672.76,85672.76,29541.681056600002,85631.625
2025-04-15 18:23:01,85670.0,85672.76,85675.23,44950.78447099999,85671.38
2025-04-15 18:23:02,85670.93,85678.33,85689.65,172916.1642588,85674.63
2025-04-15 18:23:03,85679.73,85701.65,85694.14,6227.3819117,85690.69
2025-04-15 18:23:04,85699.56,85694.15,85701.41,210109.1684625,85696.855
2025-04-15 18:23:05,85714.99,85715.0,85714.99,6232.337153400001,85714.995
2025-04-15 18:23:06,85714.99,85715.0,85714.99,218286.9364878,85714.995
2025-04-15 18:23:07,85712.0,85715.0,85715.0,2676.0222534,85713.5
2025-04-15 18:23:08,85714.99,85715.0,85714.99,124724.7536214,85714.995
2025-04-15 18:23:09,85709.39,85715.0,85715.0,4935.469138400001,85712.195
2025-04-15 18:23:10,77143.0,85741.31,85715.0,293.14529999999996,81442.155
2025-04-15 18:23:11,85710.31,85735.58,85715.0,0.0,85722.945
2025-04-15 18:23:12,85714.99,85715.0,85714.99,589.7191816,85714.995
2025-04-15 18:23:13,85714.99,85715.0,85714.99,1956.0160718,85714.995
2025-04-15 18:23:14,85714.99,85715.0,85714.99,55093.3100135,85714.995
2025-04-15 18:23:15,85714.99,85715.0,85715.0,3423.4569604000003,85714.995
2025-04-15 18:23:16,85710.0,85710.01,85710.01,102099.67073089999,85710.005
2025-04-15 18:23:17,85707.57,85704.97,85704.14,914.5015337,85706.27
2025-04-15 18:23:18,85698.11,85698.12,85698.11,635.8843134000001,85698.11499999999
2025-04-15 18:23:19,85689.51,85689.52,85689.52,42006.3308703,85689.515
2025-04-15 18:23:20,85682.08,85690.5,85689.52,361.6097744,85686.29000000001
2025-04-15 18:23:21,85681.62,85701.32,85689.52,112767.395222,85691.47
2025-04-15 18:23:22,85689.51,85689.52,85689.52,3828.6077536,85689.515
2025-04-15 18:23:23,85688.8,85857.68,85689.51,4634.0887122,85773.23999999999
2025-04-15 18:23:24,85689.52,85693.99,85689.53,65009.211903899995,85691.755
2025-04-15 18:23:25,85702.37,85702.38,85703.84,10129.755189,85702.375
2025-04-15 18:23:26,85719.42,85719.43,85719.43,4528.5379215,85719.42499999999
2025-04-15 18:23:27,85719.42,85719.43,85719.42,1208.643822,85719.42499999999
2025-04-15 18:23:28,85719.42,85719.43,85719.42,6160.6548943,85719.42499999999
2025-04-15 18:23:29,85716.0,85727.91,85719.43,195.440291,85721.955
2025-04-15 18:23:30,85719.42,85719.89,85719.42,8427.9333792,85719.655
2025-04-15 18:23:31,85707.27,85719.43,85719.43,146.5802253,85713.35
2025-04-15 18:23:32,85719.41,85719.43,85719.42,2919.6036714,85719.42
2025-04-15 18:23:33,85716.14,85716.15,85716.14,68604.6780554,85716.14499999999
2025-04-15 18:23:34,85716.14,85716.16,85716.14,21.429035,85716.15
2025-04-15 18:23:35,85716.14,85728.57,85716.15,1256.5986146,85722.35500000001
2025-04-15 18:23:36,85716.14,85726.36,85716.14,2146.3321846,85721.25
2025-04-15 18:23:37,85716.14,85716.15,85716.14,246.8624866,85716.14499999999
2025-04-15 18:23:38,85715.47,85727.06,85716.14,0.0,85721.265
2025-04-15 18:23:39,85716.14,85716.15,85716.15,5682.9802332,85716.14499999999
2025-04-15 18:23:40,85705.25,85773.22,85716.15,378.86538299999995,85739.235
2025-04-15 18:23:41,85707.85,85727.69,85716.15,24.000521999999997,85717.77
2025-04-15 18:23:42,85719.42,85719.43,85719.42,3708.2222126999995,85719.42499999999
2025-04-15 18:23:43,85719.42,85719.43,85719.42,1081.7790803999999,85719.42499999999
2025-04-15 18:23:44,85731.99,85732.0,85732.0,10611.5447407,85731.995
2025-04-15 18:23:45,60000.0,85748.88,85732.0,498.96024,72874.44
2025-04-15 18:23:46,85731.99,85744.08,85731.99,9940.625120600002,85738.035
2025-04-15 18:23:47,85720.37,85737.31,85731.99,3134.3618198,85728.84
2025-04-15 18:23:48,85731.99,85732.0,85732.0,17048.663652799998,85731.995
2025-04-15 18:23:49,85731.99,85732.0,85731.99,808.4527559999999,85731.995
2025-04-15 18:23:50,85731.99,85732.0,85731.99,2503.374108,85731.995
2025-04-15 18:23:51,85729.0,85732.0,85731.99,67120.4370331,85730.5
2025-04-15 18:23:52,85731.99,85732.0,85731.99,246.908136,85731.995
2025-04-15 18:23:53,85722.45,85732.0,85732.0,3007.4785599999996,85727.225
2025-04-15 18:23:54,85731.99,85732.0,85731.99,252.05205840000002,85731.995
2025-04-15 18:23:55,85722.87,85740.22,85732.19,19372.0051218,85731.545
2025-04-15 18:23:56,85735.47,85740.95,85738.14,7072.416814599999,85738.20999999999
2025-04-15 18:23:57,85738.13,85738.15,85738.14,644.7508536,85738.14499999999
2025-04-15 18:23:58,85731.37,85740.82,85738.14,0.0,85736.095
2025-04-15 18:23:59,85714.01,85749.69,85738.15,524.717478,85743.785
2025-04-15 18:24:00,85738.14,85738.15,85738.14,4485.8199674,85738.14499999999
2025-04-15 18:24:01,85738.14,85749.21,85738.14,404.6840208,85743.675
2025-04-15 18:24:02,85734.7,85749.3,85738.15,59243.346887,85742.0
2025-04-15 18:24:03,85738.14,85738.15,85738.15,10845.875597,85738.14499999999
2025-04-15 18:24:04,85668.21,85738.15,85738.14,5435.7986532,85703.18
2025-04-15 18:24:05,85738.14,85732.93,85731.29,105054.2255082,85735.535
2025-04-15 18:24:06,85722.51,85722.52,85722.52,1481.2851303,85722.515
2025-04-15 18:24:07,85715.06,85729.95,85719.35,4491.6938116,85722.505
2025-04-15 18:24:08,85714.38,85714.39,85714.39,8086.5824975000005,85714.38500000001
2025-04-15 18:24:09,85714.38,85714.39,85714.38,222.85738800000004,85714.38500000001
2025-04-15 18:24:10,85711.73,85711.74,85711.74,2194.2209159999998,85711.735
2025-04-15 18:24:11,85711.73,85711.74,85711.74,0.0,85711.735
2025-04-15 18:24:12,85711.73,85711.74,85711.74,13083.039990000003,85711.735
2025-04-15 18:24:13,85707.67,85711.74,85711.74,0.0,85709.705
2025-04-15 18:24:14,85705.36,85720.97,85711.74,0.0,85712.17
2025-04-15 18:24:15,77212.77,85738.99,85711.74,0.0,77140.565
2025-04-15 18:24:16,85711.73,85738.99,85711.73,2068.2240585,85725.36
2025-04-15 18:24:17,85711.73,85721.32,85711.74,2993.053951,85716.525
2025-04-15 18:24:18,85711.73,85711.74,85711.73,409.7020794,85711.735
2025-04-15 18:24:19,85705.0,85705.01,85705.0,3189.1369109999996,85705.005
2025-04-15 18:24:20,85696.39,85705.01,85705.0,15030.9446266,85700.7
2025-04-15 18:24:21,85705.0,85713.63,85705.0,2991.1045052,85709.315
2025-04-15 18:24:22,85705.0,85705.01,85705.01,1652.3925846999998,85705.005
2025-04-15 18:24:23,85705.0,85705.01,85705.01,8320.241770199998,85705.005
2025-04-15 18:24:24,85721.98,85721.99,85721.99,79205.84206600001,85721.985
2025-04-15 18:24:25,85730.91,85725.32,85730.92,11428.6767386,85728.115
2025-04-15 18:24:26,85723.38,85744.61,85730.92,614.6906772,85733.995
2025-04-15 18:24:27,85730.94,85735.99,85735.99,3839.2571846,85733.465
2025-04-15 18:24:28,85735.98,85735.99,85735.98,2380.0308086,85735.985
2025-04-15 18:24:29,85739.99,85735.99,85745.29,16654.190808,85737.99
2025-04-15 18:24:30,85735.98,85745.29,85745.28,2358.8527040999998,85740.635
2025-04-15 18:24:31,85745.28,85745.29,85745.29,8401.3230547,85745.285
2025-04-15 18:24:32,85745.28,85745.29,85745.29,7197.4588613999995,85745.285
2025-04-15 18:24:33,85745.28,85745.29,85745.29,3769.3628559999997,85745.285
2025-04-15 18:24:34,85745.28,85745.29,85745.28,552.199664,85745.285
2025-04-15 18:24:35,85745.28,85745.29,85745.28,293.248866,85745.285
2025-04-15 18:24:36,85745.28,85755.28,85745.28,7636.474636800001,85750.28
2025-04-15 18:24:37,85742.61,85755.77,85745.29,3628.7402728,85749.19
2025-04-15 18:24:38,85745.28,85745.51,85745.28,4439.8910418000005,85745.39499999999
2025-04-15 18:24:39,85745.28,85745.29,85745.29,676.53033,85745.285
2025-04-15 18:24:40,85745.28,85745.29,85745.29,132.04774659999998,85745.285
2025-04-15 18:24:41,85744.63,85758.13,85745.28,3429.8112,85751.38
2025-04-15 18:24:42,85745.28,85745.29,85745.28,0.0,85745.285
2025-04-15 18:24:43,85745.28,85745.29,85745.28,4361.0049796,85745.285
2025-04-15 18:24:44,85745.28,85745.29,85745.29,2949.637976,85745.285
2025-04-15 18:24:45,85745.28,85745.29,85745.28,3906.5549568,85745.285
2025-04-15 18:24:46,85739.83,85745.29,85745.29,7808.8234903,85742.56
2025-04-15 18:24:47,85745.28,85745.29,85745.28,1706.3312398,85745.285
2025-04-15 18:24:48,85745.28,85745.29,85745.28,4347.286183,85745.285
2025-04-15 18:24:49,85745.28,85745.29,85745.29,19138.348011099995,85745.285
2025-04-15 18:24:50,85745.28,85745.29,85745.29,593.3574068,85745.285
2025-04-15 18:24:51,85740.14,85740.15,85735.98,516639.54975899996,85740.14499999999
2025-04-15 18:24:52,85735.98,85735.99,85735.99,123.4598162,85735.985
2025-04-15 18:24:53,85735.98,85735.99,85735.99,397.81495040000004,85735.985
2025-04-15 18:24:54,85727.4,85740.11,85735.98,437.253498,85733.755
2025-04-15 18:24:55,85735.98,85747.65,85735.99,15668.250510999998,85741.815
2025-04-15 18:24:56,85728.63,85776.52,85735.99,301.7906848,85752.57500000001
2025-04-15 18:24:57,85735.98,85735.99,85735.99,95446.4371392,85735.985
2025-04-15 18:24:58,85728.15,85738.0,85735.98,1267.1777844,85733.075
2025-04-15 18:24:59,85732.26,85735.99,85735.99,209.1958156,85734.125
2025-04-15 18:25:00,85732.68,85732.69,85727.28,82310.3567186,85732.685
2025-04-15 18:25:01,85727.27,85727.28,85727.28,17018.5796256,85727.275
2025-04-15 18:25:02,85717.26,85736.0,85727.27,624.0945456,85726.63
2025-04-15 18:25:03,85727.27,85737.45,85727.27,176936.7989165,85732.36
2025-04-15 18:25:04,85717.63,85717.64,85717.97,255423.5766093,85717.63500000001
2025-04-15 18:25:05,85713.02,85713.03,85710.82,491.98465620000013,85713.025
2025-04-15 18:25:06,85705.01,85705.02,85705.02,32695.650684599997,85705.015
2025-04-15 18:25:07,85705.01,85705.02,85705.01,92397.71446409999,85705.015
2025-04-15 18:25:08,85705.01,85705.02,85705.01,315.39447160000003,85705.015
2025-04-15 18:25:09,85705.01,85705.02,85705.02,451.6654421,85705.015
2025-04-15 18:25:10,85705.01,85707.36,85705.01,3400.7747968000003,85706.185
2025-04-15 18:25:11,85705.01,85705.02,85705.02,3814.7304402,85705.015
2025-04-15 18:25:12,85704.95,85705.02,85705.02,546.7980276,85704.985
2025-04-15 18:25:13,85705.01,85705.02,85705.02,4671.7804469,85705.015
2025-04-15 18:25:14,85705.01,85705.02,85705.02,277.6842524,85705.015
2025-04-15 18:25:15,60000.0,85705.02,85705.02,214.26254840000001,72852.51000000001
2025-04-15 18:25:16,85705.01,85705.02,85705.02,4163.5498716,85705.015
2025-04-15 18:25:17,85694.49,85705.02,85705.01,470.5205565,85699.755
2025-04-15 18:25:18,85697.92,85718.41,85705.02,51.423012,85708.16500000001
2025-04-15 18:25:19,85700.89,85705.02,85705.01,16510.213767,85702.955
2025-04-15 18:25:20,85552.0,85705.02,85705.01,5114.8749968,85628.51000000001
2025-04-15 18:25:21,85705.01,85705.02,85705.02,17785.505563500003,85705.015
2025-04-15 18:25:22,85693.88,85706.64,85705.02,145.698534,85705.825
2025-04-15 18:25:23,85705.01,85705.02,85705.02,666.7850556,85705.015
2025-04-15 18:25:24,30853.81,85705.02,85705.02,3020.2449048,58279.415
2025-04-15 18:25:25,85705.01,85705.02,85705.01,706.2093282,85705.015
2025-04-15 18:25:26,85705.01,85705.02,85705.01,61.7076072,85705.015
2025-04-15 18:25:27,85705.01,85705.02,85705.01,867.3347011999999,85705.015
2025-04-15 18:25:28,85693.23,85886.0,85705.01,0.0,85789.61499999999
2025-04-15 18:25:29,85692.81,85705.02,85705.02,552.7973681999999,85704.51000000001
2025-04-15 18:25:30,85693.13,85706.89,85705.01,21719.363634199995,85700.01000000001
2025-04-15 18:25:31,85698.33,85705.02,85705.01,27591.873926800006,85701.675
2025-04-15 18:25:32,85705.01,85705.02,85705.01,392.5289542,85705.015
2025-04-15 18:25:33,85705.01,85705.02,85705.02,3865.2963336000003,85705.015
2025-04-15 18:25:34,84162.32,85705.02,85705.02,0.0,84933.67000000001
2025-04-15 18:25:35,85697.41,85705.02,85705.02,2811.124656,85701.215
2025-04-15 18:25:36,85705.01,85705.02,85705.02,6633.568548,85705.015
2025-04-15 18:25:37,85697.41,85720.98,85705.01,1365.2808252,85709.195
2025-04-15 18:25:38,85704.0,85716.64,85705.01,139131.79924639998,85710.32
2025-04-15 18:25:39,85700.99,85713.03,85705.01,3754.7368909999996,85707.01000000001
2025-04-15 18:25:40,85705.01,85705.02,85705.01,46042.4504064,85705.015
2025-04-15 18:25:41,85697.41,85705.02,85705.01,509.0878046,85701.215
2025-04-15 18:25:42,85705.01,85705.02,85705.02,46181.2919049,85705.015
2025-04-15 18:25:43,85699.13,85714.0,85711.21,201377.6591502,85706.565
2025-04-15 18:25:44,85711.21,85714.4,85711.21,86024.923049,85712.805
2025-04-15 18:25:45,85697.41,85711.22,85711.22,2967.3224344,85704.315
2025-04-15 18:25:46,85701.56,85714.4,85711.22,52024.1392034,85707.98
2025-04-15 18:25:47,85699.35,85716.0,85711.21,20584.4041936,85707.675
2025-04-15 18:25:48,85709.03,85711.22,85711.22,368.558246,85710.125
2025-04-15 18:25:49,85711.21,85711.22,85711.22,27763.578179400003,85711.215
2025-04-15 18:25:50,85711.21,85711.22,85711.22,1493.946453,85711.215
2025-04-15 18:25:51,85711.21,85711.22,85711.22,50250.77405380001,85711.215
2025-04-15 18:25:52,85660.75,85715.38,85711.21,111.42457880000002,85688.06
2025-04-15 18:25:53,85713.67,85713.68,85717.63,1330.2402809999999,85713.67499999999
2025-04-15 18:25:54,85717.63,85717.64,85717.63,4011.5851412,85717.63500000001
2025-04-15 18:25:55,85699.65,85722.0,85717.64,1374.9109244,85710.825
2025-04-15 18:25:56,85717.63,85717.64,85717.63,132842.6269202,85717.63500000001
2025-04-15 18:25:57,85705.63,85720.98,85717.63,42.00163870000001,85713.305
2025-04-15 18:25:58,85706.01,85717.64,85717.63,3955.0119057,85711.825
2025-04-15 18:25:59,85717.63,85717.64,85717.63,1144.3304541,85717.63500000001
2025-04-15 18:26:00,85717.63,85717.64,85717.63,7616.011425500001,85717.63500000001
2025-04-15 18:26:01,85719.33,85717.64,85719.34,1104430.9712671998,85718.485
2025-04-15 18:26:02,85713.93,85735.79,85719.34,2611.8684518,85724.85999999999
2025-04-15 18:26:03,85735.37,85735.38,85735.38,120535.56071430001,85735.375
2025-04-15 18:26:04,85741.58,85741.59,85741.58,2198.3778705,85741.58499999999
2025-04-15 18:26:05,85741.58,85741.59,85741.59,130168.59160110001,85741.58499999999
2025-04-15 18:26:06,85749.99,85757.0,85749.99,211852.0975057,85753.495
2025-04-15 18:26:07,85749.99,85750.0,85749.99,3743.8448052,85749.995
2025-04-15 18:26:08,85749.99,85750.0,85749.99,3484.8796284,85749.995
2025-04-15 18:26:09,85749.99,85750.0,85750.0,1397.7249214,85749.995
2025-04-15 18:26:10,85749.99,85750.0,85749.99,14339.972185300001,85749.995
2025-04-15 18:26:11,85749.99,85759.77,85749.99,25815.0374772,85754.88
2025-04-15 18:26:12,85749.99,85750.0,85749.99,1926.8022753,85749.995
2025-04-15 18:26:13,85749.98,85749.99,85749.99,2307.5320491,85749.985
2025-04-15 18:26:14,85749.96,85745.42,85745.42,116776.8939518,85747.69
2025-04-15 18:26:15,85745.41,85745.42,85745.42,102.894504,85745.41500000001
2025-04-15 18:26:16,85745.41,85754.42,85745.42,452.73580949999996,85749.91500000001
2025-04-15 18:26:17,85717.31,85737.6,85737.6,20311.1449039,85727.455
2025-04-15 18:26:18,85731.17,85737.59,85737.59,2376.6460932,85734.38
2025-04-15 18:26:19,85736.08,85736.09,85736.09,1112.8687991999998,85736.08499999999
2025-04-15 18:26:20,85727.16,85727.17,85727.17,295.7779146,85727.16500000001
2025-04-15 18:26:21,85577.62,85923.09,85727.17,35874.2488188,85750.355
2025-04-15 18:26:22,85727.16,85734.93,85727.16,10955.9312106,85731.045
2025-04-15 18:26:23,85727.16,85727.17,85727.17,6077.198499,85727.16500000001
2025-04-15 18:26:24,85727.16,85727.17,85727.17,1530.2299146,85727.16500000001
2025-04-15 18:26:25,85722.0,85760.28,85727.16,1291.908441,85741.14
2025-04-15 18:26:26,85727.16,85735.54,85727.17,696.1045968,85731.35
2025-04-15 18:26:27,85727.16,85872.34,85727.16,501.503886,85799.75
2025-04-15 18:26:28,85727.16,85735.19,85727.16,0.0,85731.175
2025-04-15 18:26:29,85725.13,85727.17,85727.17,5308.2257664,85726.15
2025-04-15 18:26:30,85725.13,85727.17,85727.16,387.486768,85726.15
2025-04-15 18:26:31,85727.16,85727.17,85727.17,28199.951956799996,85727.16500000001
2025-04-15 18:26:32,85727.16,85727.17,85727.16,26653.431315600003,85727.16500000001
2025-04-15 18:26:33,85727.16,85727.17,85727.17,20826.5565944,85727.16500000001
2025-04-15 18:26:34,85727.16,85736.06,85727.16,2742.412027,85731.61
2025-04-15 18:26:35,85727.16,85737.74,85727.16,7290.2377636,85732.45000000001
2025-04-15 18:26:36,85726.45,85727.17,85727.17,7733.4474975,85726.81
2025-04-15 18:26:37,85727.16,85727.17,85727.16,7070.7761704,85727.16500000001
2025-04-15 18:26:38,85727.16,85727.17,85727.16,176.59794960000002,85727.16500000001
2025-04-15 18:26:39,85727.16,85738.19,85727.17,2376.3569421,85732.675
2025-04-15 18:26:40,85703.97,85727.17,85727.16,9005.6381736,85715.57
2025-04-15 18:26:41,85727.16,85738.25,85727.16,164.59614720000002,85732.705
2025-04-15 18:26:42,85727.16,85727.17,85727.17,1128.1695413,85727.16500000001
2025-04-15 18:26:43,84441.25,85727.17,85727.16,4467.2427977,85084.20999999999
2025-04-15 18:26:44,85727.16,85739.03,85727.17,1837.1332521,85733.095
2025-04-15 18:26:45,85727.16,87013.08,85727.17,1544.8036034000002,86370.12
2025-04-15 18:26:46,85727.16,85737.65,85727.16,21521.8035442,85732.405
2025-04-15 18:26:47,85713.56,87013.08,85727.16,208.31699880000002,86363.32
2025-04-15 18:26:48,85711.29,85727.17,85727.17,2551.2405792,85719.23
2025-04-15 18:26:49,84441.25,87013.08,85727.16,5164.2041184,85727.16500000001
2025-04-15 18:26:50,85717.01,85738.0,85727.16,0.0,85727.505
2025-04-15 18:26:51,85726.81,85727.17,85727.16,1247.3301780000002,85726.98999999999
2025-04-15 18:26:52,85725.5,85727.17,85727.17,6259.7976318,85726.33499999999
2025-04-15 18:26:53,85725.5,85727.17,85727.16,245499.441362,85726.33499999999
2025-04-15 18:26:54,85718.31,85718.32,85718.32,135211.05217789998,85718.315
2025-04-15 18:26:55,85704.65,87004.1,85718.31,28381.332441,86354.375
2025-04-15 18:26:56,85710.21,85728.83,85718.31,2885.2786056000004,85719.52
2025-04-15 18:26:57,85669.61,87004.1,85718.32,5275.105401000001,86336.85500000001
2025-04-15 18:26:58,84432.53,87004.1,85718.31,99.4332478,85718.315
2025-04-15 18:26:59,85715.4,85712.51,85710.66,42353.025377000005,85713.95499999999
2025-04-15 18:27:00,85710.65,85707.34,85707.34,1333.617575,85708.995
2025-04-15 18:27:01,85705.81,85705.82,85705.81,2792.2960972000005,85705.815
2025-04-15 18:27:02,85705.77,85705.78,85705.79,293.1138108,85705.775
2025-04-15 18:27:03,85705.01,85705.02,85705.01,2146.9156979,85705.015
2025-04-15 18:27:04,85704.01,85705.01,85705.01,11793.008039400002,85704.51
2025-04-15 18:27:05,77134.0,85869.2,85705.0,626.5035938,81501.6
2025-04-15 18:27:06,85705.0,85705.01,85705.01,10749.1223542,85705.005
2025-04-15 18:27:07,85719.99,85720.0,85720.0,498048.7665097,85719.995
2025-04-15 18:27:08,85715.79,85732.04,85720.0,7906.811889200001,85723.915
2025-04-15 18:27:09,85719.99,85720.0,85720.0,13704.912063,85719.995
2025-04-15 18:27:10,85717.79,85714.55,85714.55,34358.906522100006,85716.17
2025-04-15 18:27:11,85714.54,85714.55,85714.54,4127.155101,85714.545
2025-04-15 18:27:12,85714.54,85714.55,85714.54,8323.7389794,85714.545
2025-04-15 18:27:13,85714.54,85714.55,85714.55,630.859059,85714.545
2025-04-15 18:27:14,85714.54,85726.97,85714.54,132.0003916,85720.755
2025-04-15 18:27:15,85710.71,85710.72,85710.72,292.2763675,85710.715
2025-04-15 18:27:16,85702.85,85723.62,85708.92,1861.5994684,85713.235
2025-04-15 18:27:17,85705.0,85705.01,85702.06,21566.8456744,85705.005
2025-04-15 18:27:18,85700.0,85700.01,85700.01,603.3280654,85700.005
2025-04-15 18:27:19,85547.97,85718.77,85700.0,100.269,85633.37
2025-04-15 18:27:20,85700.0,85700.11,85700.0,5875.5920024,85700.055
2025-04-15 18:27:21,85697.5,85821.49,85700.0,856.9999999999999,85759.495
2025-04-15 18:27:22,85700.0,85700.01,85700.0,3733.0920356,85700.005
2025-04-15 18:27:23,85653.86,86620.0,85700.01,187.68300240000002,85731.5
2025-04-15 18:27:24,85700.0,85700.01,85700.01,30902.5665781,85700.005
2025-04-15 18:27:25,85702.24,85702.48,85702.48,65730.4190683,85702.36
2025-04-15 18:27:26,85704.93,85704.94,85704.94,5155.991909599999,85704.935
2025-04-15 18:27:27,85704.93,85704.94,85704.93,3013.3853403999997,85704.935
2025-04-15 18:27:28,85694.0,85707.98,85704.93,22.2832818,85700.98999999999
2025-04-15 18:27:29,85599.78,85704.94,85704.94,28768.5762098,85652.36
2025-04-15 18:27:30,77134.0,85706.45,85704.94,4096.696132,81420.225
2025-04-15 18:27:31,85715.97,85715.98,85715.98,15513.7394865,85715.975
2025-04-15 18:27:32,85715.97,85715.98,85715.97,2124.0418978,85715.975
2025-04-15 18:27:33,85715.97,85715.98,85715.98,7870.4406736,85715.975
2025-04-15 18:27:34,85712.0,85715.98,85715.97,5690.6832891,85713.98999999999
2025-04-15 18:27:35,60000.0,85718.72,85715.98,106.2878152,72859.36
2025-04-15 18:27:36,85715.97,85718.72,85715.97,2501.1920046,85717.345
2025-04-15 18:27:37,85715.97,85715.98,85715.97,2108.6128736,85715.975
2025-04-15 18:27:38,85711.73,85715.98,85715.98,1656.0327335999998,85716.86499999999
2025-04-15 18:27:39,85650.0,85715.98,85715.98,1126.30796,85715.975
2025-04-15 18:27:40,85692.96,85715.98,85715.97,509.1528618,85715.975
2025-04-15 18:27:41,85715.97,85715.98,85719.16,253.71971779999998,85715.975
2025-04-15 18:27:42,85720.0,85721.74,85721.74,3272.8290269,85720.87
2025-04-15 18:27:43,85721.73,85721.74,85721.74,2830.531832,85721.735
2025-04-15 18:27:44,85715.98,85726.25,85721.73,200.5888482,85721.11499999999
2025-04-15 18:27:45,85721.73,85734.73,85721.73,0.0,85728.23
2025-04-15 18:27:46,85709.32,85733.73,85721.73,10002.0125972,85715.53
2025-04-15 18:27:47,85721.73,85816.43,85721.73,8789.0490486,85769.07999999999
2025-04-15 18:27:48,85721.52,85723.12,85721.74,1633.8562088,85722.32
2025-04-15 18:27:49,85721.73,85721.74,85721.73,761.2089624,85721.735
2025-04-15 18:27:50,85721.73,85721.74,85721.74,282.8817352,85721.735
2025-04-15 18:27:51,85718.27,85721.74,85721.74,620.625396,85720.005
2025-04-15 18:27:52,85674.29,85721.74,85721.73,97.7227774,85698.015
2025-04-15 18:27:53,85660.4,85811.1,85721.74,14084.080583,85735.75
2025-04-15 18:27:54,85721.73,85721.74,85721.73,150.87024479999997,85721.735
2025-04-15 18:27:55,85721.73,85721.74,85721.73,99.4372068,85721.735
2025-04-15 18:27:56,83500.0,85721.74,85721.73,17355.223334,84610.87
2025-04-15 18:27:57,85716.83,85726.26,85721.74,516.9020922000001,85721.545
2025-04-15 18:27:58,85699.55,85721.74,85721.74,82.29287040000001,85710.645
2025-04-15 18:27:59,85721.73,85721.74,85721.74,8713.6148665,85721.735
2025-04-15 18:28:00,85721.73,85721.74,85721.74,8791.6209542,85721.735
2025-04-15 18:28:01,85711.32,85726.26,85721.74,1578.9942735,85718.79000000001
2025-04-15 18:28:02,85721.73,85721.74,85721.74,403.7493954,85721.735
2025-04-15 18:28:03,85721.73,85734.4,85721.74,4699.265582600001,85728.065
2025-04-15 18:28:04,85721.73,85721.74,85721.74,2047.8923686,85721.735
2025-04-15 18:28:05,85719.64,85724.63,85721.74,0.0,85722.13500000001
2025-04-15 18:28:06,85709.94,85721.74,85721.73,5804.2183383,85715.84
2025-04-15 18:28:07,85721.73,85721.74,85721.73,0.0,85721.735
2025-04-15 18:28:08,85721.73,85721.74,85721.74,673.772868,85721.735
2025-04-15 18:28:09,85721.73,85721.74,85721.74,14997.8756304,85721.735
2025-04-15 18:28:10,85721.73,85721.74,85721.74,6575.7141833000005,85721.735
2025-04-15 18:28:11,85718.27,85759.99,85721.73,415.75043660000006,85739.13
2025-04-15 18:28:12,85699.55,85723.12,85721.73,0.0,85711.33499999999
2025-04-15 18:28:13,77149.0,85721.74,85721.74,16852.8940756,81435.37
2025-04-15 18:28:14,85712.19,85721.74,85721.74,33855.801213,85716.965
2025-04-15 18:28:15,60000.0,85721.74,85721.73,9257.9478915,72860.87
2025-04-15 18:28:16,85712.21,85724.0,85721.73,408.03543479999996,85720.39000000001
2025-04-15 18:28:17,85712.23,85724.0,85721.74,28559.9088987,85718.11499999999
2025-04-15 18:28:18,85716.04,85721.74,85721.73,7795.534135599999,85718.89
2025-04-15 18:28:19,85710.38,85721.74,85721.73,0.0,85653.615
2025-04-15 18:28:20,85700.77,85724.0,85721.73,0.0,85718.42
2025-04-15 18:28:21,85721.73,85721.74,85721.74,2082.1810646000004,85721.735
2025-04-15 18:28:22,83561.72,85724.0,85721.74,1884.1638452000002,81436.5
2025-04-15 18:28:23,85700.85,85749.33,85721.73,326.5998018,85725.09
2025-04-15 18:28:24,85721.73,85721.74,85721.74,4582.684206600001,85721.735
2025-04-15 18:28:25,85733.46,85733.47,85733.47,57599.708853000004,85733.465
2025-04-15 18:28:26,85726.54,85733.47,85733.47,3010.9594559,85730.005
2025-04-15 18:28:27,85731.59,85743.58,85733.47,599.2769552999999,85737.58499999999
2025-04-15 18:28:28,85733.46,85733.47,85733.46,3292.1648640000003,85733.465
2025-04-15 18:28:29,85733.46,85733.47,85733.47,5420.069488600001,85733.465
2025-04-15 18:28:30,85733.46,85735.58,85733.46,11525.149464900001,85734.52
2025-04-15 18:28:31,85729.27,85745.31,85733.47,1036.5176523,85737.29000000001
2025-04-15 18:28:32,85611.36,85770.0,85733.46,149.1762204,85690.68
2025-04-15 18:28:33,85722.65,85743.03,85733.47,969.6455457,85732.84
2025-04-15 18:28:34,85733.46,85733.47,85733.46,4133.2103667,85733.465
2025-04-15 18:28:35,85730.69,85733.47,85733.47,10718.3982574,85732.08
2025-04-15 18:28:36,85733.46,85733.47,85733.47,6687.210060000001,85733.465
2025-04-15 18:28:37,85733.46,85733.47,85733.46,2021.5951668000002,85733.465
2025-04-15 18:28:38,85733.46,85733.47,85733.47,18500.4233895,85733.465
2025-04-15 18:28:39,85610.77,85799.31,85733.46,396.0886011,85705.04000000001
2025-04-15 18:28:40,85733.46,85733.47,85733.46,5861.596660200001,85733.465
2025-04-15 18:28:41,85728.58,85733.47,85733.47,2271.0795588,85731.025
2025-04-15 18:28:42,85733.27,85733.47,85733.47,735.5931579,85733.37
2025-04-15 18:28:43,85708.95,85776.3,85733.47,2949.231368,85742.625
2025-04-15 18:28:44,85733.46,85733.47,85733.46,6170.2373845,85733.465
2025-04-15 18:28:45,85733.46,85733.47,85733.47,796.4638496,85733.465
2025-04-15 18:28:46,85733.46,85733.47,85733.46,2453.6916252,85733.465
2025-04-15 18:28:47,85733.46,85733.47,85733.47,2783.7657320999997,85733.465
2025-04-15 18:28:48,85730.69,85746.29,85733.47,462.960738,85738.48999999999
2025-04-15 18:28:49,80666.0,85774.47,85733.46,4696.4789388,83220.235
2025-04-15 18:28:50,85733.46,85829.91,85733.46,450.10066500000005,85781.685
2025-04-15 18:28:51,85733.46,85736.0,85733.47,2247.9315834,85734.73000000001
2025-04-15 18:28:52,85703.18,85733.47,85733.47,187.75629930000002,81446.235
2025-04-15 18:28:53,85695.19,85736.0,85733.47,7415.9446342,85715.595
2025-04-15 18:28:54,85733.46,85733.47,85733.47,78371.5286919,85733.465
2025-04-15 18:28:55,85733.46,85778.05,85733.46,403505.4335546,85755.755
2025-04-15 18:28:56,85733.46,85744.76,85733.46,1018.5135114,85739.11
2025-04-15 18:28:57,85733.46,85733.47,85733.47,908.7747548,85733.465
2025-04-15 18:28:58,85731.7,85733.47,85733.47,7671.4308956,85733.465
2025-04-15 18:28:59,85733.46,85735.11,85733.47,305.211141,85734.285
2025-04-15 18:29:00,77159.0,85733.47,85733.47,97.7361558,81446.235
2025-04-15 18:29:01,85718.27,85733.47,85733.47,4092.9156308,85725.87
2025-04-15 18:29:02,85733.46,85733.47,85733.46,2414.2544234,85733.465
2025-04-15 18:29:03,85722.36,85735.99,85733.47,1526.0557284,85734.725
2025-04-15 18:29:04,85743.99,85744.0,85743.99,49603.7919045,85743.995
2025-04-15 18:29:05,85743.99,85744.0,85744.0,13276.600229300002,85743.995
2025-04-15 18:29:06,85738.27,85744.0,85744.0,72.02496000000001,85741.13500000001
2025-04-15 18:29:07,85737.97,85744.0,85744.0,0.0,85743.995
2025-04-15 18:29:08,85730.42,85754.97,85743.99,252.9447716,85727.925
2025-04-15 18:29:09,85743.99,85744.0,85743.99,4655.8986678,85743.995
2025-04-15 18:29:10,85742.43,85744.0,85743.99,3042.1967652000003,85743.215
2025-04-15 18:29:11,77168.01,85755.5,85743.99,9510.723370800002,81461.755
2025-04-15 18:29:12,85730.61,85750.98,85743.99,1377.0486378,85740.795
2025-04-15 18:29:13,85736.66,85753.73,85744.0,5334.99168,85748.86
2025-04-15 18:29:14,85743.99,85749.27,85743.99,185.2070184,85746.63
2025-04-15 18:29:15,85743.99,85744.0,85744.0,231.50878340000003,85743.995
2025-04-15 18:29:16,85743.99,85744.0,85743.99,4283.769741,85743.995
2025-04-15 18:29:17,85743.99,85744.0,85744.0,4326.6421196,85743.995
2025-04-15 18:29:18,85743.98,85744.0,85743.99,421.8604308,85743.98999999999
2025-04-15 18:29:19,85586.31,85747.99,85744.0,70.31008,85667.15
2025-04-15 18:29:20,85743.99,85761.43,85743.99,500.74490160000005,85752.70999999999
2025-04-15 18:29:21,85748.16,85748.17,85748.17,14304.502305299999,85748.16500000001
2025-04-15 18:29:22,85748.12,85751.69,85748.16,98.610384,85749.905
2025-04-15 18:29:23,85748.16,85748.17,85748.17,62065.3826752,85748.16500000001
2025-04-15 18:29:24,85745.28,85748.17,85748.17,34336.994466000004,85746.725
2025-04-15 18:29:25,85737.67,85748.17,85748.17,88221.1472204,85742.92
2025-04-15 18:29:26,85749.99,85748.17,85750.0,860.9168888,85749.08
2025-04-15 18:29:27,85748.16,85767.69,85750.0,144.06,85757.925
2025-04-15 18:29:28,85749.99,85750.0,85750.0,2985.815,85749.995
2025-04-15 18:29:29,85573.46,85750.0,85750.0,5119.2745824,85661.73000000001
2025-04-15 18:29:30,85749.99,85850.69,85749.99,22.2949974,85800.34
2025-04-15 18:29:31,85745.52,85750.0,85749.99,7511.699990400002,85747.76000000001
2025-04-15 18:29:32,85752.33,85755.11,85752.37,1574.4132657999999,85753.72
2025-04-15 18:29:33,85752.33,85760.98,85752.37,1636.1552195999998,85756.655
2025-04-15 18:29:34,85727.79,85800.2,85752.36,3478.1157272,85740.07999999999
2025-04-15 18:29:35,85753.49,85753.5,85753.49,61.7421964,85753.495
2025-04-15 18:29:36,85741.44,85754.35,85753.49,20.5808376,85747.895
2025-04-15 18:29:37,85753.49,85792.45,85753.49,334.438611,85772.97
2025-04-15 18:29:38,85753.49,85753.5,85753.5,267.55089480000004,85753.495
2025-04-15 18:29:39,85758.83,85758.84,85758.84,72852.04141129999,85758.83499999999
2025-04-15 18:29:40,85767.49,85767.5,85767.49,53647.4813397,85767.495
2025-04-15 18:29:41,85766.72,85782.85,85762.84,6359.6587325,85774.785
2025-04-15 18:29:42,85762.83,85771.16,85762.83,3127.7704183,85766.995
2025-04-15 18:29:43,85728.53,85771.64,85762.84,2168.9421831,85750.08499999999
2025-04-15 18:29:44,85762.83,85762.84,85762.83,5053.1459518,85762.83499999999
2025-04-15 18:29:45,85767.49,85767.5,85767.5,8229.2054846,85767.495
2025-04-15 18:29:46,85767.49,85767.5,85767.49,5356.1800994000005,85767.495
2025-04-15 18:29:47,85767.49,85800.48,85767.49,6630.6846519,85783.985
2025-04-15 18:29:48,85767.49,85767.5,85767.49,867.9670070000001,85767.495
2025-04-15 18:29:49,85767.49,85767.5,85767.5,7892.3244804,85767.495
2025-04-15 18:29:50,85758.17,85767.5,85767.5,561.7770902,85762.83499999999
2025-04-15 18:29:51,85767.49,85767.5,85767.5,16535.9733036,85767.495
2025-04-15 18:29:52,85752.48,85767.5,85767.5,86475.07800410001,85759.98999999999
2025-04-15 18:29:53,85767.49,85767.5,85767.49,32150.804374100004,85767.495
2025-04-15 18:29:54,85767.49,85767.5,85767.49,23110.9083714,85767.495
2025-04-15 18:29:55,85750.6,85857.69,85767.49,1797.6865904000001,85804.145
2025-04-15 18:29:56,85755.69,85776.09,85767.49,1157.8611178,85765.89
2025-04-15 18:29:57,85767.49,85767.5,85767.49,8618.7750875,85767.495
2025-04-15 18:29:58,85762.0,85767.69,85767.5,1226.4752268,85764.845
2025-04-15 18:29:59,85767.49,85767.5,85767.49,4387.8647884,85767.495
2025-04-15 18:30:00,30876.3,85772.0,85767.5,5420.5053694,85769.745
2025-04-15 18:30:01,85767.49,85776.21,85767.5,661.267367,85771.85
2025-04-15 18:30:02,85767.49,85776.27,85767.5,5530.2877652,85771.88
2025-04-15 18:30:03,85767.49,85767.5,85767.5,13059.816885200002,85767.495
2025-04-15 18:30:04,85762.95,85767.5,85767.49,13108.7042415,85765.225
2025-04-15 18:30:05,85751.87,85770.17,85767.5,12136.101155700002,85761.01999999999
2025-04-15 18:30:06,85767.49,85767.5,85767.5,5137.4728096,85767.495
2025-04-15 18:30:07,85756.64,85756.65,85756.65,18274.263194,85756.64499999999
2025-04-15 18:30:08,85742.58,85742.59,85742.58,2586.1075148,85742.58499999999
2025-04-15 18:30:09,85742.58,85742.59,85742.59,331.82382329999996,85742.58499999999
2025-04-15 18:30:10,85746.42,85746.43,85746.43,23640.1565395,85746.42499999999
2025-04-15 18:30:11,85746.42,85746.43,85746.42,906.3396855,85746.42499999999
2025-04-15 18:30:12,85732.91,85757.28,85746.43,19274.0825336,85739.67
2025-04-15 18:30:13,85746.42,85746.43,85757.27,47742.705628200005,85746.42499999999
2025-04-15 18:30:14,85758.45,85758.46,85758.45,178.3747938,85758.455
2025-04-15 18:30:15,85759.2,85762.35,85762.34,11802.6132561,85760.775
2025-04-15 18:30:16,85762.34,85792.46,85762.34,981.1211736,85777.4
2025-04-15 18:30:17,85762.34,85762.35,85762.35,10963.857562399999,85762.345
2025-04-15 18:30:18,85756.23,85757.26,85756.23,6280.181371,85756.745
2025-04-15 18:30:19,85756.23,85756.24,85756.24,6860.4992,85756.235
2025-04-15 18:30:20,85756.23,85756.24,85756.24,0.0,85756.235
2025-04-15 18:30:21,85756.23,85756.24,85756.24,339.5947104,85756.235
2025-04-15 18:30:22,85756.23,85756.24,85756.24,352.4581113,85756.235
2025-04-15 18:30:23,85760.93,85760.94,85760.93,12.006530199999998,85760.935
2025-04-15 18:30:24,85753.4,85848.65,85760.94,5929.5109888,85801.025
2025-04-15 18:30:25,85708.12,85760.94,85760.94,0.0,85734.53
2025-04-15 18:30:26,85759.67,85765.99,85760.93,3872.9636364,85762.83
2025-04-15 18:30:27,85760.93,85760.94,85760.94,3194.5949674000003,85760.935
2025-04-15 18:30:28,85760.93,85760.94,85760.93,4528.177137,85760.935
2025-04-15 18:30:29,85760.93,85760.94,85760.94,514.5655902,85760.935
2025-04-15 18:30:30,85760.93,85760.94,85760.93,4980.9948538,85760.935
2025-04-15 18:30:31,85760.93,85760.94,85760.94,12699.479995200001,85760.935
2025-04-15 18:30:32,85760.93,85760.94,85760.93,17.152186,85760.935
2025-04-15 18:30:33,85760.93,85792.19,85760.94,6667.0550422,85767.985
2025-04-15 18:30:34,85760.93,85760.94,85760.94,415.94055330000003,85760.935
2025-04-15 18:30:35,85760.93,85763.76,85760.94,7848.840828799999,85762.345
2025-04-15 18:30:36,85584.37,85766.69,85760.94,4442.416684600001,85761.70999999999
2025-04-15 18:30:37,85760.93,85766.69,85760.93,3430.4372,85763.81
2025-04-15 18:30:38,85615.15,85765.6,85760.94,4418.403559,85690.375
2025-04-15 18:30:39,85755.94,85931.2,85760.94,5118.2124992,85843.57
2025-04-15 18:30:40,85760.93,85760.94,85760.94,373.9176984,85760.935
2025-04-15 18:30:41,85760.93,85760.94,85760.93,5241.7080464,85760.935
2025-04-15 18:30:42,85760.93,85764.0,85760.93,427.0894568,85762.465
2025-04-15 18:30:43,85760.93,85760.94,85760.93,10925.085469399999,85760.935
2025-04-15 18:30:44,85739.53,85764.0,85760.94,99.48269040000001,85751.765
2025-04-15 18:30:45,85756.95,85760.94,85760.94,8181.5927332,85758.945
2025-04-15 18:30:46,85771.28,85771.29,85771.29,38272.6262435,85771.285
2025-04-15 18:30:47,85771.28,85774.58,85771.29,14943.072505199998,85772.93
2025-04-15 18:30:48,84484.71,85771.29,85771.29,8561.6891815,85128.0
2025-04-15 18:30:49,85771.28,85771.29,85771.29,3981.5028629,85771.285
2025-04-15 18:30:50,85771.28,85771.29,85771.29,11476.1981404,85771.285
2025-04-15 18:30:51,85771.28,85771.29,85771.28,2710.3724842,85771.285
2025-04-15 18:30:52,85758.87,85779.28,85771.28,8074.5082992,85769.075
2025-04-15 18:30:53,85771.28,85778.82,85771.29,3819.395463,85775.05
2025-04-15 18:30:54,85771.28,85771.29,85771.28,6341.928713,85771.285
2025-04-15 18:30:55,85723.75,85808.79,85771.29,3235.292779,85766.26999999999
2025-04-15 18:30:56,85771.28,85778.93,85771.29,106.3563952,85790.605
2025-04-15 18:30:57,85771.28,85778.36,85771.28,11361.2637488,85774.82
2025-04-15 18:30:58,85765.6,85804.35,85771.28,15457.700081600002,85784.975
2025-04-15 18:30:59,85767.0,85809.0,85771.29,1391.2102983,85788.0
2025-04-15 18:31:00,85753.42,85783.32,85771.29,1104.7342152,85768.37
2025-04-15 18:31:01,85762.94,85771.29,85771.28,4979.022804,85767.11499999999
2025-04-15 18:31:02,85766.46,85771.29,85771.28,0.0,85768.875
2025-04-15 18:31:03,85771.28,85841.6,85771.29,8096.809176,85804.01000000001
2025-04-15 18:31:04,85771.28,85771.29,85771.29,1935.8580152999998,85771.285
2025-04-15 18:31:05,85773.72,85771.29,85773.72,45279.680571,85772.505
2025-04-15 18:31:06,85773.72,85773.73,85773.72,33727.942184399995,85773.725
2025-04-15 18:31:07,85773.72,85773.73,85773.72,7946.077682499999,85773.725
2025-04-15 18:31:08,85781.43,85781.44,85781.44,39078.278602599996,85781.435
2025-04-15 18:31:09,85781.43,85781.44,85781.43,510.39951,85781.435
2025-04-15 18:31:10,85781.43,85781.44,85781.43,45217.1088484,85781.435
2025-04-15 18:31:11,85781.43,85788.98,85781.43,815.7814070999999,85785.20499999999
2025-04-15 18:31:12,85780.03,85781.44,85781.43,5445.4051764,85780.735
2025-04-15 18:31:13,85781.43,85784.0,85781.44,3541.915588,85782.715
2025-04-15 18:31:14,85740.6,85789.66,85781.44,26338.3306472,85765.13
2025-04-15 18:31:15,85781.43,85781.44,85781.44,94135.69431240001,85781.435
2025-04-15 18:31:16,85771.92,85781.44,85781.44,7916.7684308,85776.68
2025-04-15 18:31:17,85781.43,85781.44,85781.43,1222.3854528000002,85781.435
2025-04-15 18:31:18,85781.43,85781.44,85781.43,123936.1637567,85781.435
2025-04-15 18:31:19,85756.24,85781.44,85781.43,56025.573954,85768.84
2025-04-15 18:31:20,85781.43,85781.44,85781.43,3723.7718943999994,85781.435
2025-04-15 18:31:21,85781.43,85787.0,85781.44,7461.2689333,85784.215
2025-04-15 18:31:22,85773.09,85808.91,85781.43,1526.9094608999999,85791.0
2025-04-15 18:31:23,85758.38,85776.3,85778.35,5400.703192399999,85767.34
2025-04-15 18:31:24,85772.52,85772.53,85772.53,259.90136909999995,85772.525
2025-04-15 18:31:25,85772.52,85772.53,85772.53,6445.8050295,85772.525
2025-04-15 18:31:26,85761.76,85779.97,85772.52,3870.9138906999997,85770.86499999999
2025-04-15 18:31:27,85772.52,85772.53,85772.53,6113.8652664,85772.525
2025-04-15 18:31:28,85772.52,85783.13,85772.53,0.0,85777.82500000001
2025-04-15 18:31:29,85772.52,85772.53,85772.53,10642.654920600002,85772.525
2025-04-15 18:31:30,85772.52,85772.53,85772.53,553.2328185,85772.525
2025-04-15 18:31:31,85738.18,85808.06,85772.52,3470.3561608000005,85790.29000000001
2025-04-15 18:31:32,85759.46,85891.53,85772.52,1715.4504000000002,85825.495
2025-04-15 18:31:33,85772.52,85772.53,85772.52,1475.287516,85772.525
2025-04-15 18:31:34,85772.52,85772.53,85772.53,8508.634376,85772.525
2025-04-15 18:31:35,85772.0,85771.29,85771.29,96.9225501,85771.64499999999
2025-04-15 18:31:36,85771.28,85771.29,85771.01,27554.881075100002,85771.285
2025-04-15 18:31:37,85771.01,85771.02,85771.02,6314.4687675000005,85771.015
2025-04-15 18:31:38,85768.61,85768.62,85768.62,2703.4453864,85768.61499999999
2025-04-15 18:31:39,85694.72,85854.38,85768.62,0.0,85774.55
2025-04-15 18:31:40,85768.59,85768.6,85768.59,3821.8483703999996,85768.595
2025-04-15 18:31:41,85762.37,85762.38,85762.37,14240.6122832,85762.375
2025-04-15 18:31:42,85762.37,85762.38,85762.38,5440.7647872,85762.375
2025-04-15 18:31:43,85762.37,85762.38,85762.37,115749.19616460001,85762.375
2025-04-15 18:31:44,85734.18,85762.38,85762.37,10824.9275768,85748.28
2025-04-15 18:31:45,85762.37,85762.38,85762.38,10165.4139739,85762.375
2025-04-15 18:31:46,85753.67,85762.38,85762.37,128.643555,85758.025
2025-04-15 18:31:47,85762.37,85762.38,85762.37,7505.9226816,85762.375
2025-04-15 18:31:48,85762.37,85764.38,85762.37,145.79602899999998,85763.375
2025-04-15 18:31:49,85746.25,85830.31,85762.38,6398.7305235,85788.28
2025-04-15 18:31:50,30874.46,85764.63,85762.38,0.0,58319.545
2025-04-15 18:31:51,77186.0,85762.38,85762.37,6535.9503798000005,81474.19
2025-04-15 18:31:52,85762.37,85762.38,85762.38,1381.6319418,85763.4
2025-04-15 18:31:53,85762.37,85762.38,85762.37,7656.8643936,85774.72
2025-04-15 18:31:54,84904.75,85762.38,85762.38,1956.2398851,85333.565
2025-04-15 18:31:55,85746.17,85762.38,85762.38,914.2269572,85754.275
2025-04-15 18:31:56,85743.95,85762.38,85762.37,4709.2119346,85753.16500000001
2025-04-15 18:31:57,77186.13,85762.38,85762.37,6528.2316084,81478.475
2025-04-15 18:31:58,85746.04,85762.38,85762.38,3353.3090542000004,85754.20999999999
2025-04-15 18:31:59,85761.08,85770.85,85762.38,152.6570364,85765.965
2025-04-15 18:32:00,85718.99,85762.38,85762.38,80.6166372,85740.685
2025-04-15 18:32:01,81400.0,85762.38,85762.37,58585.1356811,85761.44
2025-04-15 18:32:02,85762.37,85905.99,85762.38,123.49782720000002,85834.18
2025-04-15 18:32:03,85762.37,85762.38,85762.37,24316.205514,85762.375
2025-04-15 18:32:04,85762.37,85770.88,85762.37,16895.1884962,85766.625
2025-04-15 18:32:05,85761.44,85762.38,85762.37,17545.2656546,85761.91
2025-04-15 18:32:06,85758.94,85906.15,85762.38,8586.5294856,85832.545
2025-04-15 18:32:07,85762.37,85768.93,85762.37,3466.5149954,85765.65
2025-04-15 18:32:08,85760.0,85762.38,85762.38,754.7089440000001,85761.19
2025-04-15 18:32:09,30874.46,85768.6,85762.37,3368.7458936,58321.53
2025-04-15 18:32:10,85762.37,85758.71,85745.28,82704.465148,85760.54000000001
2025-04-15 18:32:11,85744.35,85744.36,85744.35,26394.1393678,85744.35500000001
2025-04-15 18:32:12,85742.59,85738.16,85738.15,2664.7741446000005,85740.375
2025-04-15 18:32:13,85707.28,85738.16,85733.88,1224.2837153,85730.255
2025-04-15 18:32:14,85713.11,85726.01,85726.01,24384.5647503,85719.56
2025-04-15 18:32:15,85662.37,85726.01,85726.01,3231.0133169,85694.19
2025-04-15 18:32:16,85708.69,85721.82,85721.82,16059.1257588,85715.255
2025-04-15 18:32:17,85721.81,85721.82,85721.82,12886.561000200003,85721.815
2025-04-15 18:32:18,85721.81,85721.82,85721.82,7993.5589042,85721.815
2025-04-15 18:32:19,85721.81,85721.82,85721.82,2756.8137312000003,85721.815
2025-04-15 18:32:20,85714.76,85721.82,85721.82,16318.8620658,85722.445
2025-04-15 18:32:21,85713.81,85729.71,85721.82,346.31615280000005,85723.995
2025-04-15 18:32:22,85719.25,85721.82,85721.82,7605.238984799999,85720.535
2025-04-15 18:32:23,85721.81,85721.82,85721.82,24852.4673946,85721.815
2025-04-15 18:32:24,85721.81,85721.82,85721.81,7644.671187800001,85721.815
2025-04-15 18:32:25,85718.39,85721.82,85721.81,11892.1867672,85720.10500000001
2025-04-15 18:32:26,85721.81,85892.95,85721.81,858.0753451,85807.38
2025-04-15 18:32:27,85721.81,85721.82,85721.81,3428.8724,85721.815
2025-04-15 18:32:28,85717.44,85717.45,85717.44,6372.3861592,85717.445
2025-04-15 18:32:29,85699.1,85781.03,85717.44,1318.3342272,85740.065
2025-04-15 18:32:30,85708.89,85712.41,85712.4,3552.7892033999997,85710.65
2025-04-15 18:32:31,85708.23,85708.24,85708.44,18277.310592,85708.235
2025-04-15 18:32:32,85708.23,85714.63,85708.24,1825.585512,85711.43
2025-04-15 18:32:33,85708.23,85708.24,85708.24,1957.5760588,85708.235
2025-04-15 18:32:34,85704.79,85704.8,85704.8,22161.547184000003,85704.795
2025-04-15 18:32:35,85704.79,85713.04,85704.8,1711.5247076,85708.915
2025-04-15 18:32:36,85700.47,85702.48,85702.47,5168.7170682000005,85701.475
2025-04-15 18:32:37,85702.47,85709.14,85702.47,424345.4959086,85705.805
2025-04-15 18:32:38,85702.47,85708.69,85702.48,2002.8669576,85705.58
2025-04-15 18:32:39,85609.91,85774.27,85702.47,6.856197600000001,85692.09
2025-04-15 18:32:40,85702.47,85708.05,85702.47,4418.8194342,85705.26000000001
2025-04-15 18:32:41,85702.46,85708.05,85702.47,1624.9188328000002,85705.255
2025-04-15 18:32:42,85702.47,85702.48,85702.48,561.3512440000001,85702.475
2025-04-15 18:32:43,85702.47,85706.0,85702.48,3332.1124223999996,85704.235
2025-04-15 18:32:44,85702.47,85716.69,85702.48,30.8528928,85709.58
2025-04-15 18:32:45,85702.47,85702.48,85702.48,4139.429717399999,85702.475
2025-04-15 18:32:46,85702.47,85702.48,85702.48,865.5949867999999,85702.475
2025-04-15 18:32:47,85702.47,85708.41,85702.47,97.7008158,85705.44
2025-04-15 18:32:48,85702.47,85708.97,85702.48,5544.0933597,85705.72
2025-04-15 18:32:49,85702.47,85702.48,85702.47,2711.6261508,85702.475
2025-04-15 18:32:50,85698.11,85693.12,85690.4,292170.1243357,85695.61499999999
2025-04-15 18:32:51,85686.22,85686.23,85685.85,1397.5396435,85686.225
2025-04-15 18:32:52,85670.56,85685.84,85685.84,188.508857,85678.2
2025-04-15 18:32:53,85673.31,85685.84,85685.83,21067.5773347,85679.575
2025-04-15 18:32:54,85680.76,85691.94,85685.84,1589.4721557,85686.35
2025-04-15 18:32:55,85685.82,85683.4,85683.39,97265.38465759999,85684.61
2025-04-15 18:32:56,85675.12,85675.13,85675.12,12046.5496239,85675.125
2025-04-15 18:32:57,85675.11,85675.12,85672.84,124514.9051311,85675.11499999999
2025-04-15 18:32:58,85651.77,85651.78,85651.78,1530308.4181,85651.775
2025-04-15 18:32:59,85646.82,85651.78,85651.77,107603.47016769997,85649.3
2025-04-15 18:33:00,85665.25,85665.26,85665.25,338852.3972282,85665.255
2025-04-15 18:33:01,85659.71,85658.36,85657.47,43815.9769492,85659.035
2025-04-15 18:33:02,85654.88,85654.89,85654.89,203.002085,85654.88500000001
2025-04-15 18:33:03,85650.94,85650.95,85650.94,56664.9764245,85650.945
2025-04-15 18:33:04,85647.73,85650.98,85650.94,2072.7527480000003,85649.355
2025-04-15 18:33:05,85650.94,85650.95,85650.95,25076.8822909,85650.945
2025-04-15 18:33:06,85650.94,85650.95,85650.02,57911.081177399996,85650.945
2025-04-15 18:33:07,85641.07,85641.08,85641.07,216866.2402964,85641.07500000001
2025-04-15 18:33:08,85631.43,85631.44,85631.05,1060406.2359169,85631.435
2025-04-15 18:33:09,85626.95,85626.96,85626.95,242673.14630469997,85626.955
2025-04-15 18:33:10,85626.02,85626.96,85626.95,879.388816,85626.49
2025-04-15 18:33:11,85626.95,85626.96,85626.95,48639.535103199996,85626.955
2025-04-15 18:33:12,85621.64,85626.96,85626.95,5805.5073677,85624.3
2025-04-15 18:33:13,85637.6,85639.4,85639.4,142851.0719404,85638.5
2025-04-15 18:33:14,85639.39,85639.4,85639.39,35490.6760733,85639.39499999999
2025-04-15 18:33:15,85637.75,85637.76,85637.76,5908.2022137,85637.755
2025-04-15 18:33:16,85627.89,85637.76,85637.75,45648.3472482,85632.825
2025-04-15 18:33:17,85637.75,85637.76,85637.76,5064.6170118,85637.755
2025-04-15 18:33:18,85628.19,85637.76,85637.76,596.8951631,85632.975
2025-04-15 18:33:19,85639.39,85639.81,85639.4,104237.7381526,85639.6
2025-04-15 18:33:20,85650.93,85650.94,85650.94,36082.2608519,85650.935
2025-04-15 18:33:21,85650.93,85650.94,85650.93,30233.0682986,85650.935
2025-04-15 18:33:22,85650.93,85650.94,85650.93,3708.6854430999997,85650.935
2025-04-15 18:33:23,85665.35,85665.36,85668.06,435955.4152109,85665.35500000001
2025-04-15 18:33:24,85674.22,85674.23,85674.23,7338.8493545,85674.225
2025-04-15 18:33:25,85674.22,85674.23,85674.23,904.7198216,85674.225
2025-04-15 18:33:26,85672.58,85674.23,85674.22,3893.0365568,85673.405
2025-04-15 18:33:27,85674.22,85674.23,85674.22,1213.1470824,85674.225
2025-04-15 18:33:28,85676.95,85676.96,85676.95,39826.930661900005,85676.955
2025-04-15 18:33:29,85684.84,85684.85,85684.85,20901.0450245,85684.845
2025-04-15 18:33:30,85693.4,85693.41,85693.41,45520.35984080001,85693.405
2025-04-15 18:33:31,85693.4,85692.91,85686.95,9158.897144300001,85693.155
2025-04-15 18:33:32,85686.95,85687.94,85686.96,4271.4949389,85687.445
2025-04-15 18:33:33,85683.08,85683.09,85683.09,48945.4418172,85683.08499999999
2025-04-15 18:33:34,85676.58,85673.16,85673.15,65546.7646688,85674.87
2025-04-15 18:33:35,85673.15,85673.16,85673.16,846.4508196,85673.155
2025-04-15 18:33:36,85673.15,85752.44,85673.16,0.0,85712.795
2025-04-15 18:33:37,85670.87,85670.88,85670.87,4426.6254458,85670.875
2025-04-15 18:33:38,85670.87,85664.63,85664.08,3984.441158,85667.75
2025-04-15 18:33:39,85660.61,85660.62,85660.61,5314.3842444,85660.61499999999
2025-04-15 18:33:40,85660.61,85660.62,85659.49,601.3339264,85660.61499999999
2025-04-15 18:33:41,85656.15,85650.45,85646.82,132143.9727627,85653.29999999999
2025-04-15 18:33:42,85645.73,85645.74,85645.74,483.89880830000004,85645.735
2025-04-15 18:33:43,85636.89,85636.9,85636.9,30152.2951232,85636.89499999999
2025-04-15 18:33:44,85636.38,85636.39,85636.38,561.7774603,85636.38500000001
2025-04-15 18:33:45,85634.14,85626.17,85626.16,1886.5277793999999,85630.155
2025-04-15 18:33:46,85626.15,85626.16,85626.16,40459.216924299995,85626.155
2025-04-15 18:33:47,85624.61,85624.62,85624.62,37653.4266097,85624.61499999999
2025-04-15 18:33:48,85627.83,85627.84,85627.83,126618.04371510001,85627.83499999999
2025-04-15 18:33:49,85627.83,85627.84,85627.84,97.6157376,85627.83499999999
2025-04-15 18:33:50,85627.84,85627.84,85627.84,47767.490544,85627.84
2025-04-15 18:33:51,85632.11,85632.12,85632.12,180905.7522845,85632.11499999999
2025-04-15 18:33:52,85472.56,85632.12,85632.12,191.8159488,85552.34
2025-04-15 18:33:53,85632.11,85632.12,85632.12,200.37914220000002,85632.11499999999
2025-04-15 18:33:54,85632.11,85649.92,85632.12,0.0,85632.11499999999
2025-04-15 18:33:55,85632.11,85674.26,85632.11,5589.2078848,85653.185
2025-04-15 18:33:56,85632.11,85900.0,85632.11,33070.268420399996,85766.055
2025-04-15 18:33:57,85630.59,85632.12,85632.11,0.0,85631.355
2025-04-15 18:33:58,85609.94,85648.83,85632.12,1474.585091,85629.38500000001
2025-04-15 18:33:59,85632.11,85640.11,85632.12,22020.2971386,85636.11
2025-04-15 18:34:00,85632.11,85632.12,85632.12,2483.3312328,85632.11499999999
2025-04-15 18:34:01,85631.01,85631.02,85630.32,76808.46469190001,85631.015
2025-04-15 18:34:02,85618.0,85618.01,85618.01,29508.484253900002,85618.005
2025-04-15 18:34:03,85618.0,85618.01,85618.01,1168.6857322,85618.005
2025-04-15 18:34:04,85618.0,85630.09,85618.01,4741.5253762,85624.045
2025-04-15 18:34:05,85618.0,85618.01,85618.01,1714.0725441999998,85618.005
2025-04-15 18:34:06,85618.0,85618.01,85618.0,9364.8979256,85618.005
2025-04-15 18:34:07,85613.51,85618.01,85618.01,5567.7391903,85615.76
2025-04-15 18:34:08,85618.0,85618.01,85618.0,2203.80732,85618.005
2025-04-15 18:34:09,85618.0,85618.01,85618.0,0.0,85618.005
2025-04-15 18:34:10,85610.01,85610.02,85610.01,1030072.7647927,85610.015
2025-04-15 18:34:11,85610.01,85610.02,85610.02,18.8342044,85610.015
2025-04-15 18:34:12,85609.28,85605.3,85605.29,579906.7601166,85607.29000000001
2025-04-15 18:34:13,85600.0,85603.05,85603.04,19208.466689799996,85601.525
2025-04-15 18:34:14,85603.04,85603.05,85603.05,31127.836907400004,85603.045
2025-04-15 18:34:15,85606.45,85603.05,85610.23,130719.24005899999,85604.75
2025-04-15 18:34:16,85610.23,85610.24,85610.23,15652.9744572,85610.235
2025-04-15 18:34:17,85610.23,85610.24,85610.24,20373.5248814,85610.235
2025-04-15 18:34:18,85610.23,85610.24,85610.24,18651.9008219,85610.235
2025-04-15 18:34:19,85610.23,85610.24,85610.24,600.9838848,85610.235
2025-04-15 18:34:20,85610.23,85610.24,85618.16,287686.26708410005,85610.235
2025-04-15 18:34:21,85621.6,85621.6,85621.6,186756.97677960002,85621.6
2025-04-15 18:34:22,85624.26,85628.0,85625.42,24539.028948599997,85626.13
2025-04-15 18:34:23,85626.15,85626.16,85626.13,1206.471976,85626.155
2025-04-15 18:34:24,85626.7,85626.71,85626.7,21832.238502,85626.705
2025-04-15 18:34:25,85606.59,85634.5,85633.92,40369.2912171,85620.545
2025-04-15 18:34:26,85636.4,85633.92,85636.41,8561.061918300002,85635.16
2025-04-15 18:34:27,85644.45,85644.46,85644.46,224873.8494133,85644.455
2025-04-15 18:34:28,85644.45,85644.46,85644.46,167.863136,85644.455
2025-04-15 18:34:29,85616.6,85647.99,85647.46,62057.9764794,85632.29500000001
2025-04-15 18:34:30,85647.45,85651.91,85647.46,2218.2689595999996,85649.68
2025-04-15 18:34:31,85647.45,85647.46,85647.45,156359.7154074,85647.455
2025-04-15 18:34:32,85647.45,85647.46,85647.45,10802.713218100002,85647.455
2025-04-15 18:34:33,85647.45,85647.46,85647.45,5393.2199265,85647.455
2025-04-15 18:34:34,85647.45,85647.46,85647.46,2447.8043967999997,85647.455
2025-04-15 18:34:35,77082.0,85656.95,85647.45,5236.485111600001,85652.2
2025-04-15 18:34:36,85647.45,85647.46,85647.46,4256.6782804,85647.455
2025-04-15 18:34:37,85647.45,85647.46,85647.46,3696.5439574,85647.455
2025-04-15 18:34:38,85633.26,85654.2,85647.46,6.851796800000001,85643.73
2025-04-15 18:34:39,85659.57,85659.58,85659.57,167748.9984612,85659.57500000001
2025-04-15 18:34:40,85657.59,85659.58,85659.58,9957.9250153,85658.58499999999
2025-04-15 18:34:41,85659.98,85659.99,85659.98,37268.82306639999,85659.985
2025-04-15 18:34:42,85667.53,85662.65,85667.53,10711.090886099999,85665.09
2025-04-15 18:34:43,85679.15,85678.63,85679.15,39604.4034434,85678.89
2025-04-15 18:34:44,85674.42,85683.27,85683.26,22770.326345,85678.845
2025-04-15 18:34:45,85669.61,85683.27,85683.26,0.0,85676.44
2025-04-15 18:34:46,85659.79,85686.0,85683.26,44616.1308306,85672.89499999999
2025-04-15 18:34:47,85683.26,85686.0,85683.26,13.7093216,85684.63
2025-04-15 18:34:48,84740.74,85683.27,85683.27,4949.0652716,85212.005
2025-04-15 18:34:49,85678.0,85683.27,85683.26,2780.4219916,85680.63500000001
2025-04-15 18:34:50,85683.26,85683.27,85683.26,2176.3548039999996,85683.265
2025-04-15 18:34:51,85683.26,85683.27,85683.26,0.0,85683.265
2025-04-15 18:34:52,85683.26,85694.05,85683.27,771.14943,85688.655
2025-04-15 18:34:53,85683.26,85683.27,85683.27,14073.4770126,85683.265
2025-04-15 18:34:54,85683.26,85683.27,85683.26,4909.650847,85683.265
2025-04-15 18:34:55,85683.26,85683.27,85683.27,5244.6723516,85683.265
2025-04-15 18:34:56,85683.26,85683.27,85683.26,207.3534892,84831.03
2025-04-15 18:34:57,85611.72,85683.27,85683.26,9903.2711908,85682.745
2025-04-15 18:34:58,85683.26,85683.27,85683.27,10412.230970400002,85683.265
2025-04-15 18:34:59,85676.05,85683.27,85683.26,1091.6047323999999,85679.66
2025-04-15 18:35:00,85687.95,85687.96,85687.96,29623.6209007,85687.955
2025-04-15 18:35:01,85687.95,85687.96,85687.95,5665.687661100001,85687.955
2025-04-15 18:35:02,85687.95,85687.96,85687.96,4927.9141740000005,85687.955
2025-04-15 18:35:03,85687.95,85690.5,85687.95,55.6971684,85689.225
2025-04-15 18:35:04,85687.95,85690.5,85687.96,2421.5417412,85689.225
2025-04-15 18:35:05,85685.34,85685.35,85685.35,114300.406016,85685.345
2025-04-15 18:35:06,85682.01,85682.02,85682.02,10437.783654500001,85682.015
2025-04-15 18:35:07,85676.43,85676.44,85676.43,1177.2422492,85676.435
2025-04-15 18:35:08,85676.43,85676.44,85676.43,10829.5013245,85676.435
2025-04-15 18:35:09,85676.0,85684.04,85676.43,4981.2280002,85680.01999999999
2025-04-15 18:35:10,85634.33,85682.14,85676.43,900.4593293999999,85658.235
2025-04-15 18:35:11,85676.43,85676.44,85676.43,47.9788008,85676.435
2025-04-15 18:35:12,85676.23,85777.01,85676.43,3080.9244228000002,85726.62
2025-04-15 18:35:13,85607.38,85778.87,85676.43,550.0426806,85693.125
2025-04-15 18:35:14,85676.43,85676.44,85672.21,18879.1207168,85676.435
2025-04-15 18:35:15,85667.62,85672.22,85672.22,8541.5198722,85669.92
2025-04-15 18:35:16,85671.8,85671.81,85671.81,5271.3866565,85671.805
2025-04-15 18:35:17,85671.8,85671.81,85671.8,101476.53370700001,85671.805
2025-04-15 18:35:18,85671.8,85671.81,85671.8,1444.4265480000001,85671.805
2025-04-15 18:35:19,85667.62,85670.27,85670.27,74629.0957104,85668.945
2025-04-15 18:35:20,85667.7,85676.3,85667.71,2127.9871792,85672.0
2025-04-15 18:35:21,85667.55,85667.71,85667.71,96225.3873954,85667.63
2025-04-15 18:35:22,85667.7,85667.71,85667.71,0.0,85667.705
2025-04-15 18:35:23,85663.78,85704.44,85663.79,40202.0251782,85684.11
2025-04-15 18:35:24,85638.67,85684.82,85662.01,5864.478056399999,85661.745
2025-04-15 18:35:25,85653.8,85653.81,85653.81,6237.5042817,85653.805
2025-04-15 18:35:26,85653.39,85653.81,85653.81,0.0,85653.6
2025-04-15 18:35:27,85651.4,85651.41,85651.41,3778.961228,85651.405
2025-04-15 18:35:28,85651.31,85651.41,85651.4,3350.6831543999997,85651.36
2025-04-15 18:35:29,85651.39,85651.41,85651.4,8254.225488600001,85651.4
2025-04-15 18:35:30,85312.0,85669.69,85651.4,140.46829599999998,85490.845
2025-04-15 18:35:31,85651.4,85651.41,85651.41,6879.520868999999,85651.405
2025-04-15 18:35:32,85651.4,85662.46,85651.4,12759.489064099997,85656.93
2025-04-15 18:35:33,85650.94,85662.51,85651.4,77.08626,85656.725
2025-04-15 18:35:34,85651.4,85657.5,85651.4,465.94366820000005,85654.45
2025-04-15 18:35:35,85651.4,85651.75,85651.41,5299.252119600001,85651.575
2025-04-15 18:35:36,85651.4,85660.13,85651.41,2055.63384,85655.765
2025-04-15 18:35:37,85656.06,85656.07,85656.07,23119.9638117,85656.065
2025-04-15 18:35:38,85656.06,85667.61,85656.06,20251.6623001,85661.83499999999
2025-04-15 18:35:39,85664.34,85661.93,85664.34,9017.6665129,85663.135
2025-04-15 18:35:40,85664.34,85664.35,85664.34,2744.6855792,85664.345
2025-04-15 18:35:41,85667.7,85667.71,85667.71,34691.612792,85667.705
2025-04-15 18:35:42,85659.01,85667.71,85667.7,6933.9439118,85663.36
2025-04-15 18:35:43,85667.7,85667.71,85667.71,41.1204976,85667.705
2025-04-15 18:35:44,85667.7,85832.0,85667.7,3726.5453804,85749.85
2025-04-15 18:35:45,85664.35,85667.71,85667.7,467.7456465,85665.21
2025-04-15 18:35:46,85664.35,85675.25,85667.7,3260.5129826,85669.8
2025-04-15 18:35:47,85667.7,85833.53,85667.7,1142.807118,85748.94
2025-04-15 18:35:48,85657.44,85657.45,85657.45,201620.5918194,85657.445
2025-04-15 18:35:49,85657.44,85657.45,85657.45,296.3747702,85657.445
2025-04-15 18:35:50,85657.44,85650.95,85650.95,9643.4538246,85654.195
2025-04-15 18:35:51,85650.94,85650.95,85650.95,10790.3057929,85650.945
2025-04-15 18:35:52,85644.81,85651.89,85650.95,4894.095283000001,85648.35
2025-04-15 18:35:53,85650.94,85650.95,85650.95,110.4897228,85650.945
2025-04-15 18:35:54,85553.31,85667.7,85650.95,7773.679326,85610.505
2025-04-15 18:35:55,84366.17,85650.95,85650.95,3752.3678594999997,85008.56
2025-04-15 18:35:56,84366.17,86935.72,85650.94,1145.1531293,85650.945
2025-04-15 18:35:57,85620.43,85650.95,85650.94,2107.0132261999997,85635.69
2025-04-15 18:35:58,85643.47,85646.34,85646.34,67029.86195529999,85644.905
2025-04-15 18:35:59,85646.33,85646.34,85646.34,7852.912830899999,85646.33499999999
2025-04-15 18:36:00,85646.33,85646.34,85646.33,3833.5297308,85646.33499999999
2025-04-15 18:36:01,85646.33,85645.46,85645.81,1112.5457843,85645.895
2025-04-15 18:36:02,85643.47,85643.48,85640.95,9891.824420800001,85643.475
2025-04-15 18:36:03,85620.04,85620.05,85620.04,3907.8667295999994,85620.045
2025-04-15 18:36:04,85612.39,85627.91,85613.1,2460.5379818,85620.15
2025-04-15 18:36:05,85606.49,85613.73,85606.5,38468.133784,85610.11
2025-04-15 18:36:06,85606.49,85606.5,85606.5,1885.05513,85606.495
2025-04-15 18:36:07,85598.06,85606.5,85606.49,761.8978214,85602.28
2025-04-15 18:36:08,85597.46,85606.5,85606.49,2010.0406188,85601.98000000001
2025-04-15 18:36:09,85606.49,85606.5,85606.49,2427.800305,85606.495
2025-04-15 18:36:10,85601.0,85605.01,85601.0,28245.8522541,85603.005
2025-04-15 18:36:11,85590.34,85589.11,85589.1,953240.9156096999,85589.725
2025-04-15 18:36:12,85570.27,85570.28,85570.27,61311.472963700005,85570.275
2025-04-15 18:36:13,85563.48,85567.26,85563.48,371625.7539395,85565.37
2025-04-15 18:36:14,85587.25,85581.81,85587.25,82075.6638868,85584.53
2025-04-15 18:36:15,85587.25,85587.26,85587.26,4856.2210172,85587.255
2025-04-15 18:36:16,85587.25,85587.26,85587.26,350.0518551,85587.255
2025-04-15 18:36:17,85587.25,85587.26,85587.26,15621.385117599999,85587.255
2025-04-15 18:36:18,85587.25,85588.51,85587.26,23612.6671614,85587.88
2025-04-15 18:36:19,85587.25,85587.26,85587.25,1644.9869494,85587.255
2025-04-15 18:36:20,85587.25,85587.26,85587.25,4110.7560666,85587.255
2025-04-15 18:36:21,85587.09,85587.26,85587.26,128.38089,85587.17499999999
2025-04-15 18:36:22,85601.0,85588.82,85601.01,35130.3270505,85594.91
2025-04-15 18:36:23,85601.0,85601.01,85601.01,120261.7147143,85601.005
2025-04-15 18:36:24,85605.9,85605.91,85605.9,27016.321236199998,85605.905
2025-04-15 18:36:25,85605.9,85605.91,85605.9,4029.4697619,85605.905
2025-04-15 18:36:26,85594.0,85594.01,85594.0,103334.6613519,85594.005
2025-04-15 18:36:27,85594.0,85594.01,85594.01,9090.082812,85594.005
2025-04-15 18:36:28,85588.8,85588.81,85588.81,3609.2801177,85588.805
2025-04-15 18:36:29,85588.8,85592.8,85588.81,200.2778154,85590.8
2025-04-15 18:36:30,85574.45,85588.81,85588.81,829.3555689,85581.63
2025-04-15 18:36:31,85588.8,85597.8,85588.81,1129.7722800000001,85593.3
2025-04-15 18:36:32,85588.8,85588.81,85588.81,3726.5367662,85588.805
2025-04-15 18:36:33,85588.8,85588.81,85588.81,1112.65453,85588.805
2025-04-15 18:36:34,83877.03,85588.81,85588.81,162.618739,84732.92
2025-04-15 18:36:35,85588.8,85599.19,85588.81,10538.549919099998,85593.995
2025-04-15 18:36:36,85574.35,85596.14,85588.81,6095.634696000001,85585.245
2025-04-15 18:36:37,85588.8,85636.19,85588.8,486.1444248,85612.495
2025-04-15 18:36:38,85430.75,85588.81,85588.8,3229.265424,85509.78
2025-04-15 18:36:39,85588.8,85588.81,85588.8,975.7124316,85588.805
2025-04-15 18:36:40,85588.8,85588.81,85588.81,42761.025364099994,85588.805
2025-04-15 18:36:41,85588.8,85599.2,85595.18,14432.2934586,85594.0
2025-04-15 18:36:42,85595.17,85606.13,85595.17,5696.3588059,85600.65
2025-04-15 18:36:43,85595.17,85595.18,85595.18,1883.9497921,85595.17499999999
2025-04-15 18:36:44,85600.01,85600.02,85600.01,16785.6516206,85600.015
2025-04-15 18:36:45,85601.0,85601.01,85601.0,12295.585575,85601.005
2025-04-15 18:36:46,85558.84,85601.01,85601.0,0.0,85579.92499999999
2025-04-15 18:36:47,85595.17,85601.01,85601.01,5872.228886,85598.09
2025-04-15 18:36:48,85155.92,85601.01,85601.01,4030.0952443,85378.465
2025-04-15 18:36:49,85593.95,85611.24,85601.01,99.2971716,85602.595
2025-04-15 18:36:50,85601.0,85601.01,85601.0,3790.412283,85601.005
2025-04-15 18:36:51,85600.99,85601.01,85601.0,27.39232,85597.48
2025-04-15 18:36:52,85606.84,85601.01,85606.85,32741.567007499998,85603.92499999999
2025-04-15 18:36:53,85598.07,85606.85,85606.85,15291.0940434,85602.46
2025-04-15 18:36:54,85606.84,85607.66,85606.85,3970.445262,85607.25
2025-04-15 18:36:55,85612.15,85612.16,85612.45,829.5446207000001,85612.155
2025-04-15 18:36:56,85623.97,85641.5,85623.97,5156.2008898,85632.735
2025-04-15 18:36:57,85637.17,85637.18,85637.17,6756.6370529,85637.17499999999
2025-04-15 18:36:58,85639.75,85639.76,85639.76,4261.4340576,85639.755
2025-04-15 18:36:59,85639.75,85639.76,85639.75,767.332162,85639.755
2025-04-15 18:37:00,85647.35,85647.36,85647.36,4891.260557400001,85647.35500000001
2025-04-15 18:37:01,85647.35,85647.36,85647.36,4722.5949736,85647.35500000001
2025-04-15 18:37:02,85644.95,85644.96,85644.95,23816.5183668,85644.955
2025-04-15 18:37:03,85644.71,85658.85,85644.95,5128.420053500001,85651.78
2025-04-15 18:37:04,85644.95,85644.96,85644.96,7762.858339799999,85644.955
2025-04-15 18:37:05,85588.81,85644.96,85644.96,7629.2525985,85616.88500000001
2025-04-15 18:37:06,85644.95,85644.96,85644.95,926.678359,85644.955
2025-04-15 18:37:07,85644.95,85655.97,85644.95,0.0,85650.45999999999
2025-04-15 18:37:08,85644.95,85644.96,85644.96,27848.347989500002,85644.955
2025-04-15 18:37:09,85648.95,85648.96,85648.95,30357.0615398,85648.955
2025-04-15 18:37:10,85648.95,85648.96,85648.95,0.0,85648.955
2025-04-15 18:37:11,85648.95,85648.96,85648.95,640.6541936,85648.955
2025-04-15 18:37:12,85635.92,85653.04,85650.95,242137.0554146,85644.48
2025-04-15 18:37:13,85667.52,85663.97,85667.53,34403.4834941,85665.745
2025-04-15 18:37:14,85669.67,85669.68,85669.68,3756.6093450999997,85669.67499999999
2025-04-15 18:37:15,85643.95,85676.29,85669.68,19.7040264,85660.12
2025-04-15 18:37:16,85669.67,85678.16,85669.67,3474.7618151999995,85673.91500000001
2025-04-15 18:37:17,85661.6,85669.68,85669.67,4212.3780459,85665.64
2025-04-15 18:37:18,85669.67,85669.68,85669.67,5624.2142125,85669.67499999999
2025-04-15 18:37:19,85665.27,85669.68,85669.67,3426.7868,85667.475
2025-04-15 18:37:20,85669.67,85669.68,85669.68,3988.7803008,85669.67499999999
2025-04-15 18:37:21,85669.67,85669.68,85669.68,3889.4030605999997,85669.67499999999
2025-04-15 18:37:22,85650.94,85650.95,85650.94,57254.8350052,85650.945
2025-04-15 18:37:23,85642.95,85650.95,85650.95,5545.8984065,85646.95
2025-04-15 18:37:24,85650.94,85650.95,85650.94,943.0168839,85650.945
2025-04-15 18:37:25,85649.48,85650.95,85650.95,4237.1520611,85650.215
2025-04-15 18:37:26,85649.48,85650.95,85650.94,1564.8426975,85650.215
2025-04-15 18:37:27,85650.94,85650.95,85650.94,3938.2305610000003,85650.945
2025-04-15 18:37:28,85650.94,85650.95,85650.94,3617.8957056,85650.945
2025-04-15 18:37:29,85650.94,85650.95,85650.94,5139.0564016,85650.945
2025-04-15 18:37:30,85650.94,85650.95,85650.94,1742.1401586000002,85650.945
2025-04-15 18:37:31,85650.94,85650.95,85650.95,303.20433920000005,85650.945
2025-04-15 18:37:32,85649.32,85731.5,85650.95,18.843209,85690.41
2025-04-15 18:37:33,85650.94,85660.67,85650.95,250.957267,85655.805
2025-04-15 18:37:34,85643.25,85657.78,85650.95,493.349472,85650.515
2025-04-15 18:37:35,85622.26,85676.08,85650.95,15.417171,85649.17
2025-04-15 18:37:36,85641.07,85650.95,85650.95,1065.4976974,85646.01000000001
2025-04-15 18:37:37,85650.94,85650.95,85650.95,405.985503,85650.945
2025-04-15 18:37:38,85650.94,85650.95,85650.95,511.3361715,85650.945
2025-04-15 18:37:39,85650.94,85650.95,85650.95,565.2962672,85650.945
2025-04-15 18:37:40,85650.94,85805.23,85650.94,8332.9799582,85728.08499999999
2025-04-15 18:37:41,85650.94,85675.75,85650.95,1043.228571,85663.345
2025-04-15 18:37:42,85645.2,85822.21,85650.95,7222.0876069999995,82411.10500000001
2025-04-15 18:37:43,84194.87,85656.71,85650.94,866.7875494,85653.75
2025-04-15 18:37:44,85533.15,85650.95,85650.95,86141.7213602,85592.04999999999
2025-04-15 18:37:45,85650.0,85668.27,85650.94,3278.7180528,85659.535
2025-04-15 18:37:46,85650.94,85650.95,85650.94,5945.888922599999,85650.945
2025-04-15 18:37:47,85650.94,85650.95,85650.94,1030.3808528,85650.945
2025-04-15 18:37:48,85650.94,85650.95,85650.94,17130.188000000002,85650.945
2025-04-15 18:37:49,84103.35,85664.2,85650.94,14869.859693400002,85657.57
2025-04-15 18:37:50,85650.94,85664.2,85650.95,104.494159,85657.57
2025-04-15 18:37:51,85650.94,85664.2,85650.94,664.651341,85657.57
2025-04-15 18:37:52,85650.94,85650.95,85650.94,21344.2147894,85650.945
2025-04-15 18:37:53,85638.79,85669.67,85650.94,287.78717459999996,85654.23
2025-04-15 18:37:54,85650.94,85813.4,85650.94,498.48847409999996,85731.70499999999
2025-04-15 18:37:55,60000.0,85900.0,85650.95,359.7339899999999,72950.0
2025-04-15 18:37:56,85650.94,85650.95,85650.94,229.5445432,85650.945
2025-04-15 18:37:57,85650.94,85650.95,85650.94,185379.4684984,85650.945
2025-04-15 18:37:58,85650.94,85650.95,85650.94,342.60375999999997,85650.945
2025-04-15 18:37:59,85650.94,85650.95,85650.95,5125.352811999999,85650.945
2025-04-15 18:38:00,85650.94,85650.95,85650.95,3506.5498683999995,85650.945
2025-04-15 18:38:01,85660.67,85660.68,85660.68,17088.3083854,85660.67499999999
2025-04-15 18:38:02,85664.19,85664.2,85664.2,12067.9730818,85664.195
2025-04-15 18:38:03,85664.19,85669.5,85666.24,5579.3112396,85666.845
2025-04-15 18:38:04,85650.94,85695.66,85666.24,6971.5187076,85673.3
2025-04-15 18:38:05,85666.24,85666.25,85666.24,503.71749120000004,85666.245
2025-04-15 18:38:06,85666.24,85666.25,85666.24,3488.3293000000003,85666.245
2025-04-15 18:38:07,85666.24,85666.25,85666.25,3180.7878565,85666.245
2025-04-15 18:38:08,85666.24,85666.25,85666.24,8866.4568558,85666.245
2025-04-15 18:38:09,85666.24,85666.25,85666.24,406.0579882,85666.245
2025-04-15 18:38:10,85666.24,85666.25,85666.24,735.8730714999999,85666.245
2025-04-15 18:38:11,85666.24,85666.25,85666.24,1572.8323444,85666.245
2025-04-15 18:38:12,85666.24,85666.25,85666.24,3099.4049144,85666.245
2025-04-15 18:38:13,85666.24,85666.25,85666.24,197.03236940000002,85666.245
2025-04-15 18:38:14,85666.24,85669.34,85666.24,6449.8113209,85667.79000000001
2025-04-15 18:38:15,85666.24,85666.25,85666.24,697.3232694000001,85666.245
2025-04-15 18:38:16,85666.24,85707.18,85666.24,9012.088448,85686.70999999999
2025-04-15 18:38:17,85666.24,85666.25,85666.25,22092.4687835,85666.245
2025-04-15 18:38:18,85669.34,85669.35,85669.35,1052.865738,85669.345
2025-04-15 18:38:19,85679.3,85679.31,85679.31,26925.2123134,85679.305
2025-04-15 18:38:20,85685.18,85685.19,85685.19,435.264435,85685.185
2025-04-15 18:38:21,85685.18,85685.19,85685.19,1236.4372917,85685.185
2025-04-15 18:38:22,84399.9,85685.19,85685.19,3532.8003837,85042.545
2025-04-15 18:38:23,85679.31,85685.19,85685.19,20.5644456,85682.25
2025-04-15 18:38:24,85685.18,85685.19,85685.19,12247.840658600002,85685.185
2025-04-15 18:38:25,85683.48,85685.19,85685.19,973.3837028,85684.33499999999
2025-04-15 18:38:26,77116.0,85685.19,85685.18,16400.143451999997,81400.595
2025-04-15 18:38:27,85685.18,85687.0,85685.18,18166.1154134,85686.09
2025-04-15 18:38:28,77116.0,85685.19,85685.18,5632.943894,81400.595
2025-04-15 18:38:29,30846.67,85687.0,85685.18,411.288864,85656.82
2025-04-15 18:38:30,85685.18,85685.19,85685.18,2395.7577252,85685.185
2025-04-15 18:38:31,85685.18,85685.19,85685.19,6381.8329112,85685.185
2025-04-15 18:38:32,85685.18,85685.19,85685.18,5416.1608006999995,85685.185
2025-04-15 18:38:33,77116.0,85731.63,85685.19,872.2752342000001,81423.815
2025-04-15 18:38:34,85436.0,85685.19,85685.19,4664.7017163,85560.595
2025-04-15 18:38:35,60000.0,85685.19,85685.18,101.1085124,72842.595
2025-04-15 18:38:36,85685.18,85733.74,85685.19,1669.1473826,85709.45999999999
2025-04-15 18:38:37,85685.18,85714.37,85685.19,25.705557,85699.775
2025-04-15 18:38:38,85685.18,85685.19,85685.19,580.9455813,85685.185
2025-04-15 18:38:39,85685.18,85677.24,85673.05,127504.2530864,85681.20999999999
2025-04-15 18:38:40,85660.46,85659.51,85659.51,1295.3043893,85659.985
2025-04-15 18:38:41,85650.96,85650.97,85650.97,789.7549687999999,85650.965
2025-04-15 18:38:42,85648.98,85650.97,85650.96,364.0166201,85649.975
2025-04-15 18:38:43,85582.88,85661.1,85650.96,7133.868469300001,85621.99
2025-04-15 18:38:44,85650.94,85664.75,85650.95,6773.2766354000005,85657.845
2025-04-15 18:38:45,85641.54,85641.55,85637.19,110674.6772512,85641.545
2025-04-15 18:38:46,85630.48,85630.49,85630.48,21746.109145400005,85630.485
2025-04-15 18:38:47,85630.48,85630.49,85630.49,30251.536733799996,85630.485
2025-04-15 18:38:48,85625.79,85625.8,85625.79,74239.861017,85625.795
2025-04-15 18:38:49,85624.75,85625.8,85625.8,1505.301564,85625.275
2025-04-15 18:38:50,85622.02,85625.79,85622.01,692.6886871999999,85623.905
2025-04-15 18:38:51,85617.68,85617.69,85617.69,6003.7683104,85617.685
2025-04-15 18:38:52,85617.68,85620.5,85617.68,1789.4095284,85619.09
2025-04-15 18:38:53,85617.68,85617.69,85617.69,626.721463,85617.685
2025-04-15 18:38:54,85611.2,85896.0,85617.69,1147.2770396,85753.6
2025-04-15 18:38:55,85617.68,85617.69,85617.69,11702.2258692,85617.685
2025-04-15 18:38:56,85616.02,85617.69,85617.68,1783.4164655,85616.85500000001
2025-04-15 18:38:57,85617.68,85617.69,85617.68,10644.8468273,85617.685
2025-04-15 18:38:58,85617.68,85617.69,85617.68,398.9784258,85617.685
2025-04-15 18:38:59,85599.3,85626.0,85617.69,92684.56332199999,85615.26999999999
2025-04-15 18:39:00,85617.68,85617.69,85617.68,275.6889341,85617.685
2025-04-15 18:39:01,85617.68,85617.69,85617.69,5774.9128332,85617.685
2025-04-15 18:39:02,85617.66,85609.12,85609.12,9113.9996118,85613.39
2025-04-15 18:39:03,85607.46,85607.46,85607.46,44.5158792,85607.46
2025-04-15 18:39:04,85606.03,85606.04,85606.03,15970.6614964,85606.035
2025-04-15 18:39:05,85604.51,85604.52,85604.52,1378.2491088,85604.515
2025-04-15 18:39:06,85616.52,85609.95,85616.52,5774.9879108,85613.235
2025-04-15 18:39:07,85631.19,85617.69,85631.19,214477.8256335,85624.44
2025-04-15 18:39:08,85631.19,85631.2,85631.19,5127.5956868,85631.195
2025-04-15 18:39:09,85627.5,85631.2,85631.2,1154.3084595999999,85629.35
2025-04-15 18:39:10,85617.68,85617.69,85617.68,2185.8920986,85617.685
2025-04-15 18:39:11,85617.68,85617.69,85617.68,0.0,85617.685
2025-04-15 18:39:12,85617.68,85623.1,85617.69,2200.374633,85620.39
2025-04-15 18:39:13,85617.68,85623.97,85614.81,3449.4206970000005,85620.825
2025-04-15 18:39:14,85614.81,85614.82,85614.82,8969.0075468,85614.815
2025-04-15 18:39:15,85614.01,85621.52,85614.81,684.9185552000001,85617.765
2025-04-15 18:39:16,85614.51,85614.52,85614.51,34188.4428345,85614.515
2025-04-15 18:39:17,85512.68,85614.52,85614.52,36205.5204097,85563.6
2025-04-15 18:39:18,85613.5,85621.52,85614.51,51.36870599999999,85617.51000000001
2025-04-15 18:39:19,85418.39,85614.52,85614.52,2646.3448132000003,85516.455
2025-04-15 18:39:20,85614.51,85695.4,85614.51,368.9985404,85654.95499999999
2025-04-15 18:39:21,85614.5,85685.45,85614.51,801.3518157999999,85649.975
2025-04-15 18:39:22,85621.89,85621.9,85621.89,309069.9129855,85621.89499999999
2025-04-15 18:39:23,85621.89,85621.9,85621.9,89.04677600000001,85621.89499999999
2025-04-15 18:39:24,85166.18,85624.8,85621.9,196.93037,85395.48999999999
2025-04-15 18:39:25,85621.89,85621.9,85621.89,39.3860694,85621.89499999999
2025-04-15 18:39:26,85621.89,85630.94,85621.89,101.03383180000002,85626.41500000001
2025-04-15 18:39:27,85621.89,85621.9,85621.9,1760.3860986,85621.89499999999
2025-04-15 18:39:28,85618.01,85627.89,85621.89,686.6875614,85622.95
2025-04-15 18:39:29,85618.01,85632.25,85621.89,154.9756269,85625.13
2025-04-15 18:39:30,85621.89,85621.9,85621.89,1077.1233762000002,85621.89499999999
2025-04-15 18:39:31,85621.89,85621.9,85621.89,1628.5283478000001,85621.89499999999
2025-04-15 18:39:32,85621.89,85649.78,85621.89,5804.3083392,85635.83499999999
2025-04-15 18:39:33,85621.89,85632.25,85621.89,1185.0070098,85627.07
2025-04-15 18:39:34,85620.0,86906.23,85621.89,47.9482584,86264.06
2025-04-15 18:39:35,85621.89,85632.25,85621.89,1133.6338236000001,85627.07
2025-04-15 18:39:36,85621.89,85621.9,85621.89,1505.232861,85621.89499999999
2025-04-15 18:39:37,85620.0,85632.25,85621.89,3465.9741072,85626.125
2025-04-15 18:39:38,85621.89,85621.9,85621.89,2248.4310808,85621.89499999999
2025-04-15 18:39:39,85608.69,85632.25,85621.89,2699.6584347,85620.47
2025-04-15 18:39:40,85620.0,85621.9,85621.9,541.1304012,85620.95
2025-04-15 18:39:41,85621.89,85621.9,85621.89,2638.8666563999996,85621.89499999999
2025-04-15 18:39:42,85462.36,85760.41,85621.89,2974.5048041999994,85611.38500000001
2025-04-15 18:39:43,85608.69,85632.25,85621.89,111.308457,85620.47
2025-04-15 18:39:44,85621.89,85621.9,85621.9,107.88358539999999,85621.89499999999
2025-04-15 18:39:45,85621.89,85621.9,85621.9,59.93533,85621.89499999999
2025-04-15 18:39:46,85621.89,85621.9,85621.89,34192.245685899994,85621.89499999999
2025-04-15 18:39:47,85621.89,85636.32,85621.89,75828.45844300001,85629.10500000001
2025-04-15 18:39:48,85621.89,85621.9,85621.9,530.8557646,85621.89499999999
2025-04-15 18:39:49,85620.0,85648.36,85621.9,0.0,85634.18
2025-04-15 18:39:50,85610.85,85621.9,85621.9,14788.614332199999,85616.375
2025-04-15 18:39:51,85621.89,85634.99,85621.9,11.987065999999999,85628.44
2025-04-15 18:39:52,85621.89,85621.9,85621.9,3156.0232107999996,85621.89499999999
2025-04-15 18:39:53,85621.89,85623.43,85621.89,27310.814290899998,85622.66
2025-04-15 18:39:54,85621.89,85580.44,85546.92,4778701.2559007,85601.16500000001
2025-04-15 18:39:55,85533.64,85533.65,85533.65,386825.5043177,85533.64499999999
2025-04-15 18:39:56,85533.64,85533.65,85533.65,16124.8029506,85533.64499999999
2025-04-15 18:39:57,85533.64,85533.65,85533.65,2872.2199626,85533.64499999999
2025-04-15 18:39:58,85533.64,85533.65,85533.65,11286.1651175,85533.64499999999
2025-04-15 18:39:59,85533.64,85533.65,85533.64,3417.9243627,85533.64499999999
2025-04-15 18:40:00,85541.06,85541.07,85541.06,144112.2437339,85541.065
2025-04-15 18:40:01,85541.06,85547.32,85541.06,4325.8114274,85544.19
2025-04-15 18:40:02,85533.65,85533.66,85533.66,67201.4110306,85533.655
2025-04-15 18:40:03,85533.65,85540.54,85533.65,2019.4496152,85537.095
2025-04-15 18:40:04,85533.12,85533.13,85533.13,1174.3747888,85533.125
2025-04-15 18:40:05,85522.65,85520.01,85520.01,5708.7467034,85521.32999999999
2025-04-15 18:40:06,85520.0,85520.01,85520.01,17742.8364747,85520.005
2025-04-15 18:40:07,85521.67,85521.68,85521.68,52144.866435699994,85521.67499999999
2025-04-15 18:40:08,85521.67,85519.77,85519.76,21608.3109176,85520.72
2025-04-15 18:40:09,85519.76,85519.77,85519.77,606.3351653,85519.765
2025-04-15 18:40:10,85519.76,85528.7,85519.76,23.945535200000002,85524.23
2025-04-15 18:40:11,85519.37,85519.38,85519.34,7696.743423,85519.375
2025-04-15 18:40:12,85514.95,85519.35,85518.99,120452.2136251,85517.15
2025-04-15 18:40:13,85518.01,85518.02,85518.02,69811.1047442,85518.015
2025-04-15 18:40:14,85516.0,85514.33,85511.07,8542.9576524,85515.16500000001
2025-04-15 18:40:15,85504.0,85504.01,85504.01,84042.69909669999,85504.005
2025-04-15 18:40:16,85494.0,85494.01,85494.01,161421.77719320002,85494.005
2025-04-15 18:40:17,85494.0,85494.01,85494.01,9282.084651599998,85494.005
2025-04-15 18:40:18,85494.0,85494.01,85494.0,5619.5208378,85494.005
2025-04-15 18:40:19,85490.0,85503.31,85494.01,564.2604618,85496.655
2025-04-15 18:40:20,85494.0,85502.0,85494.0,1015.6687852,85498.0
2025-04-15 18:40:21,85496.34,85502.93,85502.92,22566.0514806,85499.635
2025-04-15 18:40:22,85511.1,85505.68,85511.11,15611.5708284,85508.39
2025-04-15 18:40:23,85511.53,85511.11,85511.13,608.839106,85511.32
2025-04-15 18:40:24,85518.01,85518.02,85518.02,2899.0608484,85518.015
2025-04-15 18:40:25,85529.98,85529.99,85529.99,203368.1140655,85529.985
2025-04-15 18:40:26,85541.99,85542.0,85542.0,18620.1941816,85541.995
2025-04-15 18:40:27,85552.98,85552.99,85552.98,19353.6349709,85552.985
2025-04-15 18:40:28,85552.98,85552.99,85552.98,28236.761368499996,85552.985
2025-04-15 18:40:29,85548.02,85548.03,85548.03,4960.3566542,85548.025
2025-04-15 18:40:30,85548.02,85548.03,85548.03,3064.3300992000004,85548.025
2025-04-15 18:40:31,85548.02,85548.03,85548.03,13969.992873800002,85548.025
2025-04-15 18:40:32,85548.02,85548.03,85548.03,1195.9614594,85548.025
2025-04-15 18:40:33,85543.06,85553.01,85544.53,355.8762596,85548.035
2025-04-15 18:40:34,85539.66,85539.67,85539.67,802.3934294,85539.66500000001
2025-04-15 18:40:35,84689.08,85539.67,85539.67,162.525373,85114.375
2025-04-15 18:40:36,85538.9,85675.79,85539.67,358.4111961,85607.345
2025-04-15 18:40:37,85539.66,85539.67,85539.67,5608.8360661,85539.66500000001
2025-04-15 18:40:38,85539.66,85539.67,85539.67,15185.8576125,85539.66500000001
2025-04-15 18:40:39,85563.2,85552.99,85563.2,233819.43248199997,85558.095
2025-04-15 18:40:40,85563.2,85563.21,85563.21,5219.355208399999,85563.205
2025-04-15 18:40:41,85563.2,85563.21,85563.21,3709.1651535,85563.205
2025-04-15 18:40:42,85563.2,85563.21,85563.21,38227.0725589,85563.205
2025-04-15 18:40:43,85556.2,85563.21,85563.21,62722.9654946,85559.705
2025-04-15 18:40:44,85550.83,85565.22,85563.21,605.7875268,85558.025
2025-04-15 18:40:45,85563.2,85563.21,85563.21,10267.5843382,85563.205
2025-04-15 18:40:46,85563.2,85571.5,85568.59,11165.186733700004,85567.35
2025-04-15 18:40:47,85583.68,85583.69,85583.69,55601.85231640002,85583.685
2025-04-15 18:40:48,85583.68,85583.69,85583.69,26402.568365,85583.685
2025-04-15 18:40:49,85583.68,85663.26,85583.68,3799.9153944,85623.47
2025-04-15 18:40:50,85576.52,85594.22,85583.69,176.30238239999997,85585.37
2025-04-15 18:40:51,85579.11,85579.12,85578.55,7676.7350844,85579.11499999999
2025-04-15 18:40:52,85568.58,85568.59,85568.58,715.3551864,85568.58499999999
2025-04-15 18:40:53,85560.8,85552.31,85552.31,2234.0004422,85556.555
2025-04-15 18:40:54,85552.3,85552.31,85546.22,2107.1343946,85552.305
2025-04-15 18:40:55,85546.21,85546.22,85546.22,706.6117772,85546.215
2025-04-15 18:40:56,85546.21,85546.22,85546.22,1023.1326762,85546.215
2025-04-15 18:40:57,85546.21,85583.09,85546.21,5867.6145884,85564.65
2025-04-15 18:40:58,85546.21,85546.22,85546.22,2999.2504732,85546.215
2025-04-15 18:40:59,85395.99,85546.22,85546.21,734.8419613000001,85471.10500000001
2025-04-15 18:41:00,85546.21,85546.22,85546.22,4886.4000864,85546.215
2025-04-15 18:41:01,85546.21,85546.22,85546.22,3755.4788528,85546.215
2025-04-15 18:41:02,85546.21,85546.22,85546.21,4948.848814800001,85546.215
2025-04-15 18:41:03,85546.21,85546.22,85546.22,111.210086,85546.215
2025-04-15 18:41:04,85544.12,85724.97,85544.13,11.9761782,85634.545
2025-04-15 18:41:05,85544.12,85553.46,85544.12,6176.285467399999,85548.79000000001
2025-04-15 18:41:06,85093.03,85544.38,85544.13,94.098543,85544.25
2025-04-15 18:41:07,85544.12,85567.46,85544.12,337.89929770000003,85555.79000000001
2025-04-15 18:41:08,85544.12,85544.13,85544.13,2846.9086464,85544.125
2025-04-15 18:41:09,85544.12,85544.13,85544.13,34.2176496,85544.125
2025-04-15 18:41:10,85544.12,85544.13,85544.13,2092.4093958,85544.125
2025-04-15 18:41:11,85543.42,85544.13,85544.13,11503.119074700002,85543.775
2025-04-15 18:41:12,85552.3,85552.31,85552.3,16421.0833281,85552.305
2025-04-15 18:41:13,85552.3,85552.31,85552.31,1823.9752283999999,85552.305
2025-04-15 18:41:14,85470.72,85558.95,85552.3,13803.0090954,85514.83499999999
2025-04-15 18:41:15,85550.0,85552.31,85552.31,2982.3535157999995,85551.155
2025-04-15 18:41:16,85559.99,85569.39,85560.0,55928.1201972,85564.69
2025-04-15 18:41:17,85564.42,85564.43,85564.43,64570.332246800004,85564.42499999999
2025-04-15 18:41:18,85564.42,85564.43,85564.43,1576.0966652000002,85564.42499999999
2025-04-15 18:41:19,85564.42,85564.43,85564.42,39979.1196164,85564.42499999999
2025-04-15 18:41:20,85536.45,85536.46,85536.46,319424.7196489,85536.455
2025-04-15 18:41:21,85536.45,85532.25,85532.25,1541.366259,85534.35
2025-04-15 18:41:22,85526.0,85542.89,85532.25,6016.3378584,85534.445
2025-04-15 18:41:23,85526.0,85542.18,85532.25,6495.319065000001,85534.09
2025-04-15 18:41:24,85532.24,85532.25,85532.25,7652.570407499999,85532.245
2025-04-15 18:41:25,85523.92,85534.0,85532.25,834.7947320000001,85528.95999999999
2025-04-15 18:41:26,85530.01,85532.25,85532.25,9998.720025,85531.13
2025-04-15 18:41:27,85532.24,85532.25,85532.24,2802.8918124,85532.245
2025-04-15 18:41:28,85523.05,85532.25,85532.25,5497.1572614,85527.65
2025-04-15 18:41:29,85532.24,85533.17,85532.24,2264.893834,85532.705
2025-04-15 18:41:30,85532.24,85532.25,85532.25,571.3554300000001,85532.245
2025-04-15 18:41:31,85532.24,85532.25,85532.25,994.7400675,85532.245
2025-04-15 18:41:32,85539.57,85541.03,85539.58,10146.7476704,85540.3
2025-04-15 18:41:33,85546.19,85553.56,85546.19,76459.5442414,85549.875
2025-04-15 18:41:34,85513.8,85546.2,85546.19,16384.661919899998,85530.0
2025-04-15 18:41:35,85546.19,85546.2,85546.19,2204.5253163,85546.195
2025-04-15 18:41:36,85534.03,85534.04,85534.03,3324.2729905,85534.035
2025-04-15 18:41:37,85529.28,85537.1,85534.03,316.4759342,85533.19
2025-04-15 18:41:38,85534.03,85534.04,85534.03,8060.7273434,85534.035
2025-04-15 18:41:39,85534.03,85543.07,85534.04,1395.9155328,85538.55
2025-04-15 18:41:40,85532.24,85540.34,85532.24,1564.3847297000002,85536.29000000001
2025-04-15 18:41:41,85532.24,86815.24,85532.24,969.9356016,86170.95999999999
2025-04-15 18:41:42,85532.24,85532.94,85532.25,1778.2153644,85532.59
2025-04-15 18:41:43,85532.24,85532.25,85532.25,8162.3426175,85532.245
2025-04-15 18:41:44,85532.24,85532.25,85532.25,4259.50605,85532.245
2025-04-15 18:41:45,85530.6,85532.25,85532.25,1618.27017,85531.425
2025-04-15 18:41:46,85532.24,85532.25,85532.25,1522.4739288,85532.245
2025-04-15 18:41:47,85532.24,85717.15,85532.25,4930.0786927,85624.695
2025-04-15 18:41:48,85532.24,85532.25,85532.24,29559.087431400003,85532.245
2025-04-15 18:41:49,85532.24,85532.25,85532.25,1175.2130262,85532.245
2025-04-15 18:41:50,85531.32,85530.01,85530.01,6062.4494488,85530.66500000001
2025-04-15 18:41:51,85521.73,85521.74,85521.73,26547.762120299998,85521.735
2025-04-15 18:41:52,85520.53,85520.54,85518.01,5017.4652998,85520.535
2025-04-15 18:41:53,85518.01,85518.02,85518.02,8556.077882300002,85518.015
2025-04-15 18:41:54,85518.01,85518.02,85518.02,4353.7223878,85518.015
2025-04-15 18:41:55,85518.01,85518.02,85518.02,297.6027096,85518.015
2025-04-15 18:41:56,85514.02,85514.03,85514.02,585.7958547,85514.025
2025-04-15 18:41:57,85509.43,85509.44,85509.44,2085.6193385,85509.435
2025-04-15 18:41:58,85509.43,85509.44,85509.44,1408.3404068,85509.435
2025-04-15 18:41:59,85509.43,85509.44,85509.44,458.33059840000004,85509.435
2025-04-15 18:42:00,85500.0,85500.01,85500.01,59649.5480642,85500.005
2025-04-15 18:42:01,85500.0,85504.62,85500.01,1638.1801895999997,85502.31
2025-04-15 18:42:02,85490.66,85490.67,85485.93,88592.17910169999,85490.66500000001
2025-04-15 18:42:03,85485.93,85485.94,85485.94,1337.0000916,85485.935
2025-04-15 18:42:04,85500.0,85500.01,85500.01,101493.6615192,85500.005
2025-04-15 18:42:05,85500.0,85500.01,85500.01,2390.5802796,85500.005
2025-04-15 18:42:06,85459.54,85501.32,85500.0,4979.5205394,85480.43
2025-04-15 18:42:07,85500.0,85500.01,85500.0,3467.0250579999997,85500.005
2025-04-15 18:42:08,85500.0,85500.01,85500.01,3211.3803756,85500.005
2025-04-15 18:42:09,85500.0,85500.01,85500.01,30565.395039699997,85500.005
2025-04-15 18:42:10,85500.0,85500.01,85494.14,37178.8193289,85500.005
2025-04-15 18:42:11,85491.05,85491.06,85491.05,142613.1152488,85491.055
2025-04-15 18:42:12,85498.53,85498.54,85498.54,10385.393279800002,85498.535
2025-04-15 18:42:13,85488.38,85498.54,85498.53,779.7466184,85493.45999999999
2025-04-15 18:42:14,85498.53,85502.0,85498.54,19107.211689400003,85500.265
2025-04-15 18:42:15,85499.36,85524.95,85499.39,137535.5187957,85512.155
2025-04-15 18:42:16,85435.92,85499.39,85499.39,37099.040314900005,85467.655
2025-04-15 18:42:17,76949.0,85499.39,85499.39,1255.1309894,81224.195
2025-04-15 18:42:18,85503.88,85503.89,85503.89,7123.2973224,85503.88500000001
2025-04-15 18:42:19,85507.6,85507.61,85507.6,40208.23460370001,85507.60500000001
2025-04-15 18:42:20,85512.73,85507.61,85513.92,42059.4838332,85510.17
2025-04-15 18:42:21,85513.92,85520.18,85513.92,11676.9259397,85517.04999999999
2025-04-15 18:42:22,85513.92,85513.93,85513.92,30201.806312,85513.92499999999
2025-04-15 18:42:23,85513.92,85513.93,85513.93,5385.666727999999,85513.92499999999
2025-04-15 18:42:24,85513.92,85527.99,85513.92,675.5599912,85520.955
2025-04-15 18:42:25,85513.92,85522.07,85513.92,297.5884648,85517.995
2025-04-15 18:42:26,85513.92,85522.41,85513.93,22885.2378944,85518.16500000001
2025-04-15 18:42:27,85513.92,85513.93,85513.92,4262.0138348,85513.92499999999
2025-04-15 18:42:28,85488.24,85521.62,85513.93,18137.502480799998,85504.93
2025-04-15 18:42:29,85513.92,85513.93,85513.93,386.5229432,85513.92499999999
2025-04-15 18:42:30,85515.05,85515.06,85515.06,45452.5666104,85515.055
2025-04-15 18:42:31,85515.77,85523.33,85523.33,44869.0950496,85519.55
2025-04-15 18:42:32,85523.32,85523.33,85523.32,1497.5133809,85523.32500000001
2025-04-15 18:42:33,85523.32,85523.33,85523.33,516.5608972,85523.32500000001
2025-04-15 18:42:34,85523.32,85523.33,85523.33,20813.811607400003,85523.32500000001
2025-04-15 18:42:35,85523.32,85523.33,85523.33,45937.997181399995,85523.32500000001
2025-04-15 18:42:36,85523.32,85523.33,85523.33,50773.488141,85523.32500000001
2025-04-15 18:42:37,85523.32,85540.83,85523.32,19336.822679200002,85532.07500000001
2025-04-15 18:42:38,85523.32,85523.33,85523.33,32273.083808800002,85523.32500000001
2025-04-15 18:42:39,85530.91,85530.92,85530.91,20340.874072600003,85530.91500000001
2025-04-15 18:42:40,85524.07,85530.92,85530.92,31643.015594599998,85527.495
2025-04-15 18:42:41,85530.91,85531.91,85531.91,35124.5341585,85531.41
2025-04-15 18:42:42,85531.9,85531.91,85531.91,737.2850602,85531.905
2025-04-15 18:42:43,85540.79,85540.8,85540.8,59859.8453772,85540.795
2025-04-15 18:42:44,85540.78,85543.49,85540.79,8221.3253269,85542.13500000001
2025-04-15 18:42:45,85543.16,85548.0,85543.16,48020.4598804,85545.58
2025-04-15 18:42:46,85543.16,85543.17,85543.16,31878.5167634,85543.16500000001
2025-04-15 18:42:47,85483.06,85543.17,85543.16,9632.15982,85513.11499999999
2025-04-15 18:42:48,85422.24,85543.17,85543.17,2521.8126516,85482.705
2025-04-15 18:42:49,85543.16,85543.17,85545.83,19628.7357238,85543.16500000001
2025-04-15 18:42:50,85545.83,85563.43,85545.84,20386.427347700002,85554.63
2025-04-15 18:42:51,85554.99,85555.0,85555.0,274502.39654000005,85554.995
2025-04-15 18:42:52,85554.99,85555.0,85555.0,198.4876,85554.995
2025-04-15 18:42:53,85554.99,86000.0,85554.99,3595.8762297000007,85777.495
2025-04-15 18:42:54,85554.99,86838.33,85555.0,2961.9141,86196.66
2025-04-15 18:42:55,85554.99,85555.0,85555.0,2896.8920704,85554.995
2025-04-15 18:42:56,85553.73,85555.0,85554.99,504.77444099999997,85554.36499999999
2025-04-15 18:42:57,85554.99,85555.0,85554.99,8273.168351,85554.995
2025-04-15 18:42:58,85516.15,85657.59,85554.99,23515.6446003,85586.87
2025-04-15 18:42:59,85550.0,85543.36,85543.35,7987.031484,85546.68
2025-04-15 18:43:00,85543.35,85543.36,85543.35,28261.8152462,85543.35500000001
2025-04-15 18:43:01,85540.66,85540.67,85540.67,36671.390544,85540.66500000001
2025-04-15 18:43:02,85534.0,85540.68,85540.67,8807.2671126,85537.34
2025-04-15 18:43:03,85534.44,85534.45,85534.44,1547.3769078,85534.445
2025-04-15 18:43:04,85534.44,85534.45,85534.44,497.8104872,85534.445
2025-04-15 18:43:05,85534.44,85534.45,85534.44,347.2698496,85534.445
2025-04-15 18:43:06,85534.44,85549.82,85534.44,215.546812,85542.13
2025-04-15 18:43:07,85540.67,85540.68,85540.68,2164.0724522,85540.67499999999
2025-04-15 18:43:08,85548.94,85548.95,85548.94,17638.6123334,85548.945
2025-04-15 18:43:09,85548.94,85548.95,85541.14,12212.4970135,85548.945
2025-04-15 18:43:10,85537.88,85540.79,85537.88,7376.2034104,85539.33499999999
2025-04-15 18:43:11,85526.61,85540.73,85537.89,2271.8863584,85533.67
2025-04-15 18:43:12,85537.88,85538.15,85537.88,999.0824384,85538.015
2025-04-15 18:43:13,85508.49,85571.2,85537.89,27.3721248,85539.845
2025-04-15 18:43:14,85536.0,85570.72,85537.88,1783.4648873,85536.945
2025-04-15 18:43:15,85492.2,85537.89,85537.88,436.2432218999999,85515.045
2025-04-15 18:43:16,85531.14,85543.5,85537.89,24765.785291700002,85537.32
2025-04-15 18:43:17,85521.05,85553.44,85537.89,304.51488839999996,85537.245
2025-04-15 18:43:18,85546.99,85537.89,85546.38,6855.0076932,85542.44
2025-04-15 18:43:19,85546.99,85550.42,85546.99,2860.6913456,85548.705
2025-04-15 18:43:20,85543.5,85547.0,85546.99,18124.8407835,85545.25
2025-04-15 18:43:21,85546.38,85551.0,85546.99,38913.617105799996,85548.69
2025-04-15 18:43:22,85546.99,85549.83,85547.0,1754.5689699999998,85548.41
2025-04-15 18:43:23,85546.98,85555.56,85546.99,9603.505620000002,85551.26999999999
2025-04-15 18:43:24,85546.99,85547.0,85546.99,150578.95632929998,85546.995
2025-04-15 18:43:25,85530.96,85547.0,85546.99,1810.1744072,85538.98000000001
2025-04-15 18:43:26,85549.02,85549.03,85554.99,148581.41428589998,85549.025
2025-04-15 18:43:27,85542.15,85555.0,85554.99,0.0,85548.575
2025-04-15 18:43:28,85554.99,85557.7,85555.0,3456.4216000000006,85556.345
2025-04-15 18:43:29,85548.68,85555.82,85555.0,985.5936,85552.25
2025-04-15 18:43:30,85554.99,85571.12,85554.99,13435.555629600001,85563.055
2025-04-15 18:43:31,85554.99,85574.77,85555.0,23135.7830596,85564.88
2025-04-15 18:43:32,85545.88,85562.35,85554.99,6628.800975800001,85554.115
2025-04-15 18:43:33,85554.99,85555.6,85555.0,540.7075768,85555.29500000001
2025-04-15 18:43:34,85554.99,85555.0,85554.99,5995.693776,85554.995
2025-04-15 18:43:35,85554.0,85555.0,85554.99,306.286888,85554.5
2025-04-15 18:43:36,85404.15,85558.33,85555.0,1452.7237360000004,85481.23999999999
2025-04-15 18:43:37,85539.86,85555.0,85555.0,13545.0664722,85547.43
2025-04-15 18:43:38,85556.79,85556.8,85556.8,140412.4055412,85556.795
2025-04-15 18:43:39,85556.79,85556.8,85556.8,4483.17592,85556.795
2025-04-15 18:43:40,85556.79,85556.8,85556.8,1026.6816000000001,85556.795
2025-04-15 18:43:41,85556.79,85556.8,85556.79,5094.0512766,85556.795
2025-04-15 18:43:42,84773.46,85607.38,85556.79,24962.0494396,85190.42000000001
2025-04-15 18:43:43,85556.79,85556.8,85556.8,11791.436829199998,85556.795
2025-04-15 18:43:44,85545.88,85556.8,85556.79,4704.768414800001,85551.34
2025-04-15 18:43:45,85556.79,85556.8,85556.79,12220.0772768,85556.795
2025-04-15 18:43:46,85556.79,85556.81,85556.79,12984.099958399998,85556.79999999999
2025-04-15 18:43:47,85546.01,85567.78,85556.79,5696.3710794,85556.89499999999
2025-04-15 18:43:48,85536.21,85556.93,85556.79,3422.2716,85546.57
2025-04-15 18:43:49,85528.59,85556.8,85556.79,3649.8526677999994,85542.695
2025-04-15 18:43:50,85555.46,85556.8,85556.8,5956.4637744,85556.13
2025-04-15 18:43:51,85556.79,85570.8,85556.79,118.0683722,85563.795
2025-04-15 18:43:52,85556.79,85566.74,85556.79,20826.235558200002,85561.765
2025-04-15 18:43:53,85556.79,85556.8,85556.8,13.689088000000002,85556.795
2025-04-15 18:43:54,85556.79,85556.8,85556.8,34833.5915502,85556.795
2025-04-15 18:43:55,85546.42,85568.17,85556.8,0.0,85557.295
2025-04-15 18:43:56,33000.0,85556.8,85556.79,18967.940343000002,59278.4
2025-04-15 18:43:57,85556.79,85556.8,85556.8,20567.8523442,85556.795
2025-04-15 18:43:58,85556.79,87940.0,85556.79,12466.479910299999,86748.39499999999
2025-04-15 18:43:59,85556.79,85556.8,85556.79,1603.3343097999998,85556.795
2025-04-15 18:44:00,85553.53,85564.21,85556.79,2168.009092,85558.87
2025-04-15 18:44:01,85556.79,85556.8,85556.8,5918.8188214,85556.795
2025-04-15 18:44:02,84273.43,85564.93,85556.8,6052.2880272,84919.18
2025-04-15 18:44:03,85534.44,85560.09,85556.8,641.6759817,85449.305
2025-04-15 18:44:04,85565.21,85560.0,85565.22,194224.2602912,85562.60500000001
2025-04-15 18:44:05,85565.33,85574.17,85565.34,7984.089862600002,85569.75
2025-04-15 18:44:06,85567.07,85567.08,85567.07,27767.3698857,85567.07500000001
2025-04-15 18:44:07,85567.07,85567.29,85567.07,7477.706297400001,85567.18
2025-04-15 18:44:08,85560.0,85567.08,85567.08,16045.5384574,85563.54000000001
2025-04-15 18:44:09,85567.07,85568.0,85567.08,12469.689305599999,85567.535
2025-04-15 18:44:10,85564.5,85567.08,85567.08,12319.092507599998,85565.79000000001
2025-04-15 18:44:11,85547.98,85599.04,85567.08,287554.12956190004,85573.51
2025-04-15 18:44:12,85567.07,85573.04,85567.08,25844.678573900004,85570.055
2025-04-15 18:44:13,84026.87,85572.97,85567.08,3467.1780816,84799.92
2025-04-15 18:44:14,85567.07,85568.75,85567.07,5205.900547200001,85567.91
2025-04-15 18:44:15,85566.67,85567.08,85567.08,2893.0228124,85566.875
2025-04-15 18:44:16,85541.41,85567.08,85567.08,13263.751850300001,85554.245
2025-04-15 18:44:17,85567.07,85749.52,85567.07,22589.706653700003,85658.29500000001
2025-04-15 18:44:18,85567.07,85567.08,85567.07,5429.230602300001,85567.07500000001
2025-04-15 18:44:19,85563.06,85567.08,85567.08,56.47427280000001,85565.07
2025-04-15 18:44:20,84786.79,85587.24,85567.08,5752.6741884,85187.015
2025-04-15 18:44:21,85567.07,85567.08,85567.07,6990.8297238,85567.07500000001
2025-04-15 18:44:22,85567.07,85567.08,85567.07,7991.964866300001,85567.07500000001
2025-04-15 18:44:23,85545.09,85567.08,85567.08,4159.4155472,85556.08499999999
2025-04-15 18:44:24,85567.07,85567.08,85567.08,15527.8580076,85567.07500000001
2025-04-15 18:44:25,85522.01,85522.02,85522.02,876925.1155808,85522.015
2025-04-15 18:44:26,85522.01,85530.6,85522.02,615.7585439999999,85526.305
2025-04-15 18:44:27,85522.01,85553.64,85522.02,14072.6467919,85537.825
2025-04-15 18:44:28,85510.04,85522.02,85522.02,40935.9675927,85516.03
2025-04-15 18:44:29,85522.01,85522.02,85522.02,2971.0348074,85522.015
2025-04-15 18:44:30,85519.69,85522.02,85522.02,1676.231436,85520.85500000001
2025-04-15 18:44:31,85522.01,85553.64,85522.02,341.23282290000003,85537.825
2025-04-15 18:44:32,85522.01,85531.61,85522.02,3615.0157802999997,85526.81
2025-04-15 18:44:33,85522.01,85553.64,85522.02,1996.0837196999998,85537.825
2025-04-15 18:44:34,85520.11,85522.02,85522.02,3355.8840648000005,85521.065
2025-04-15 18:44:35,85522.01,85522.02,85522.02,2768.3477874,85522.015
2025-04-15 18:44:36,85522.01,86804.86,85522.02,28.222266599999998,86163.435
2025-04-15 18:44:37,85522.01,85522.02,85521.74,9060.2021754,85522.015
2025-04-15 18:44:38,85521.74,85528.86,85521.75,5032.9570369,85525.3
2025-04-15 18:44:39,85521.74,85850.93,85521.75,1145.1362175,85686.33499999999
2025-04-15 18:44:40,85521.74,85528.68,85521.74,17.959565400000002,85525.20999999999
2025-04-15 18:44:41,85521.74,85528.92,85521.75,1010.8670850000001,85525.33
2025-04-15 18:44:42,85514.09,85521.75,85521.75,148.807845,85517.92
2025-04-15 18:44:43,85521.74,85521.75,85521.75,12115.8663207,85521.745
2025-04-15 18:44:44,85521.73,85516.01,85511.03,6800.681028800001,85518.87
2025-04-15 18:44:45,85509.43,85518.34,85509.44,463.4612761,85513.885
2025-04-15 18:44:46,85509.42,85630.81,85509.43,123.1335834,85544.07
2025-04-15 18:44:47,85509.43,85685.48,85509.43,392.4882837,85597.45499999999
2025-04-15 18:44:48,85509.43,85509.44,85509.44,2978.2936401,85509.435
2025-04-15 18:44:49,85502.03,85502.04,85502.04,85088.02302570001,85502.035
2025-04-15 18:44:50,85458.17,85641.27,85502.04,769.51836,85549.72
2025-04-15 18:44:51,85502.03,85502.04,85502.03,303.53220650000003,85502.035
2025-04-15 18:44:52,85502.03,85544.76,85502.03,918.2918022000001,85523.39499999999
2025-04-15 18:44:53,85487.4,85652.06,85502.03,9073.4757894,81301.53
2025-04-15 18:44:54,85502.03,85514.39,85502.04,16570.2949625,85508.20999999999
2025-04-15 18:44:55,76951.0,85540.08,85502.04,306.09728579999995,81245.54000000001
2025-04-15 18:44:56,85502.03,85502.04,85502.04,217.17516,85502.035
2025-04-15 18:44:57,85502.03,85502.04,85502.03,661.7857122,85502.035
2025-04-15 18:44:58,85499.85,85502.04,85502.04,3166.140278,85500.945
2025-04-15 18:44:59,85499.85,85511.64,85502.03,918.2918022,85505.745
2025-04-15 18:45:00,85459.6,85513.96,85502.03,11068.2377949,85486.78
2025-04-15 18:45:01,85502.03,85502.04,85502.04,119.70285599999998,85502.035
2025-04-15 18:45:02,85502.03,85502.04,85502.03,8486.931907799999,85502.035
2025-04-15 18:45:03,85502.03,85502.04,85502.03,576.2836821999999,85502.035
2025-04-15 18:45:04,85502.03,85571.48,85502.03,12046.3810559,85536.755
2025-04-15 18:45:05,85519.64,85509.44,85519.65,544012.8901059,85514.54000000001
2025-04-15 18:45:06,85519.64,85519.65,85519.65,687.5779488000001,85519.64499999999
2025-04-15 18:45:07,85485.24,85519.65,85519.64,1132.2800446,85502.445
2025-04-15 18:45:08,85506.42,85506.43,85506.43,97335.9779954,85506.42499999999
2025-04-15 18:45:09,85506.42,85506.43,85506.43,593.4145920999999,85506.42499999999
2025-04-15 18:45:10,85506.42,85506.43,85506.43,4926.0253862,85506.42499999999
2025-04-15 18:45:11,85506.42,85504.26,85504.79,14255.630981600001,85505.34
2025-04-15 18:45:12,85504.25,85504.26,85504.26,240.26696679999998,85504.255
2025-04-15 18:45:13,85504.25,85504.26,85504.25,1739.1566453,85504.255
2025-04-15 18:45:14,85504.25,85504.26,85504.26,3180.7581018,85504.255
2025-04-15 18:45:15,85504.25,85504.26,85504.25,12090.3010258,85504.255
2025-04-15 18:45:16,85465.13,85504.26,85504.26,1380.0387541999999,85484.695
2025-04-15 18:45:17,85494.87,85494.88,85494.88,522694.1207943,85494.875
2025-04-15 18:45:18,85486.99,85487.0,85486.99,18456.8677338,85486.995
2025-04-15 18:45:19,85486.99,85495.91,85486.99,7711.7815951,85491.45000000001
2025-04-15 18:45:20,85486.99,85487.0,85487.0,7084.3076692,85486.995
2025-04-15 18:45:21,85486.99,85528.62,85486.99,20716.9175461,85507.805
2025-04-15 18:45:22,85473.48,85473.49,85473.49,171046.4242871,85473.485
2025-04-15 18:45:23,85473.48,85473.66,85473.49,1409.4577324,85473.57
2025-04-15 18:45:24,85473.48,85473.49,85473.48,29755.883458399996,85473.485
2025-04-15 18:45:25,76926.0,85476.91,85473.48,364.1170536000001,81201.455
2025-04-15 18:45:26,85470.0,85474.65,85473.48,348.7318216,85472.325
2025-04-15 18:45:27,85473.48,85473.49,85473.49,853.8801474,85473.485
2025-04-15 18:45:28,85485.98,85485.99,85485.99,321484.474227,85485.985
2025-04-15 18:45:29,85485.98,85489.92,85493.18,51203.78133769999,85487.95
2025-04-15 18:45:30,85503.99,85504.0,85504.0,64241.4355514,85503.995
2025-04-15 18:45:31,85503.99,85504.0,85504.0,27405.741812,85503.995
2025-04-15 18:45:32,85503.99,85504.0,85504.0,6942.924753599999,85503.995
2025-04-15 18:45:33,85503.99,85505.13,85503.99,1630.5610893,85504.56
2025-04-15 18:45:34,85478.04,85504.0,85503.99,195.8041548,85491.01999999999
2025-04-15 18:45:35,85503.99,85504.0,85504.0,11914.12736,85503.995
2025-04-15 18:45:36,85503.99,85504.0,85504.0,44882.7548068,85503.995
2025-04-15 18:45:37,85513.57,85513.55,85513.58,44829.61700470001,85513.56
2025-04-15 18:45:38,85516.36,85516.37,85516.36,469.479007,85516.36499999999
2025-04-15 18:45:39,85519.71,85519.72,85519.71,1286.2165602000002,85519.715
2025-04-15 18:45:40,85519.71,85519.72,85519.71,13616.449433700001,85519.715
2025-04-15 18:45:41,85519.71,85519.72,85519.71,1359.7634426,85519.715
2025-04-15 18:45:42,85519.71,85519.72,85519.72,2960.6927064,85519.715
2025-04-15 18:45:43,85511.57,85519.72,85519.72,189.8537784,85515.645
2025-04-15 18:45:44,85525.99,85526.0,85526.0,30595.349670300002,85525.995
2025-04-15 18:45:45,85499.44,85526.0,85526.0,11195.3532898,85512.72
2025-04-15 18:45:46,85525.99,85526.0,85525.99,5279.5195633,85525.995
2025-04-15 18:45:47,85525.99,85526.0,85526.0,31.644618299999998,85525.995
2025-04-15 18:45:48,85516.52,85526.0,85525.99,7923.1277152,85521.26000000001
2025-04-15 18:45:49,85525.99,85526.0,85526.0,9596.0161264,85525.995
2025-04-15 18:45:50,85525.99,85526.0,85526.0,6139.9109059,85525.995
2025-04-15 18:45:51,85528.78,85528.79,85533.51,2524.7949315,85528.785
2025-04-15 18:45:52,85533.5,85543.96,85533.5,3558.1936,85538.73000000001
2025-04-15 18:45:53,85522.83,85544.31,85533.5,1111.0802355,85533.57
2025-04-15 18:45:54,85533.5,85711.44,85533.5,6363.692744,85622.47
2025-04-15 18:45:55,85535.98,85533.51,85535.99,810.0057082,85534.745
2025-04-15 18:45:56,85543.36,85543.37,85543.36,105178.9908966,85543.36499999999
2025-04-15 18:45:57,85397.44,85543.37,85543.37,1334.4765096,85470.405
2025-04-15 18:45:58,85553.04,85550.85,85553.05,18644.8202256,85551.945
